<?xml version="1.0" encoding="UTF-8"?>
<!DOCTYPE html PUBLIC "-//W3C//DTD XHTML 1.0 Transitional//EN"
    "http://www.w3.org/TR/xhtml1/DTD/xhtml1-transitional.dtd">
<html xmlns="http://www.w3.org/1999/xhtml" xml:lang="en" lang="en">
 <head>
  <title>
</title>
<meta http-equiv="Content-Type" content="text/html;charset=utf-8" />
  <meta name='ocr-system' content='tesseract 3.04.00' />
  <meta name='ocr-capabilities' content='ocr_page ocr_carea ocr_par ocr_line ocrx_word'/>
</head>
<body>
  <div class='ocr_page' id='page_1' title='image "./mtulliiciceroni23cicegoog_0063.png"; bbox 0 0 2750 4267; ppageno 0'>
   <div class='ocr_carea' id='block_1_1' title="bbox 495 999 988 1082">
    <p class='ocr_par' dir='ltr' id='par_1_1' title="bbox 495 999 988 1082">
     <span class='ocr_line' id='line_1_1' title="bbox 495 999 988 1082; baseline -0.006 -25"><span class='ocrx_word' id='word_1_1' title='bbox 495 1004 580 1057; x_wconf 79' lang='lat' dir='ltr'>uno</span> <span class='ocrx_word' id='word_1_2' title='bbox 598 1000 631 1056; x_wconf 70' lang='grc' dir='ltr'>ι’.</span> <span class='ocrx_word' id='word_1_3' title='bbox 650 999 867 1082; x_wconf 76' lang='lat' dir='ltr'>Qurnrro.</span> <span class='ocrx_word' id='word_1_4' title='bbox 951 1017 988 1078; x_wconf 76' lang='lat'>47</span> 
     </span>
    </p>
   </div>
   <div class='ocr_carea' id='block_1_2' title="bbox 342 1100 990 3433">
    <p class='ocr_par' dir='ltr' id='par_1_2' title="bbox 342 1100 990 3433">
     <span class='ocr_line' id='line_1_2' title="bbox 380 1100 990 1184; baseline 0.005 -21"><span class='ocrx_word' id='word_1_5' title='bbox 380 1123 443 1163; x_wconf 85' lang='lat' dir='ltr'>mm</span> <span class='ocrx_word' id='word_1_6' title='bbox 459 1100 603 1163; x_wconf 84' lang='lat' dir='ltr'>servornm</span> <span class='ocrx_word' id='word_1_7' title='bbox 621 1101 763 1176; x_wconf 76' lang='lat' dir='ltr'>munibus,</span> <span class='ocrx_word' id='word_1_8' title='bbox 785 1101 886 1162; x_wconf 86' lang='lat' dir='ltr'>nuntio</span> <span class='ocrx_word' id='word_1_9' title='bbox 905 1119 990 1184; x_wconf 77' lang='lat' dir='ltr'>etque</span> 
     </span>
     <span class='ocr_line' id='line_1_3' title="bbox 381 1185 988 1270; baseline 0.01 -22"><span class='ocrx_word' id='word_1_10' title='bbox 381 1191 498 1270; x_wconf 86' lang='lat' dir='ltr'>imperio</span> <span class='ocrx_word' id='word_1_11' title='bbox 515 1204 580 1262; x_wconf 89' lang='lat' dir='ltr'>tuo,</span> <span class='ocrx_word' id='word_1_12' title='bbox 600 1187 722 1248; x_wconf 83' lang='lat' dir='ltr'>violatus</span> <span class='ocrx_word' id='word_1_13' title='bbox 735 1185 810 1249; x_wconf 75' lang='lat' dir='ltr'>effer.</span> <span class='ocrx_word' id='word_1_14' title='bbox 839 1192 988 1268; x_wconf 68' lang='lat' dir='ltr'>corrigeret</span> 
     </span>
     <span class='ocr_line' id='line_1_4' title="bbox 383 1271 988 1355; baseline -0.003 -15"><span class='ocrx_word' id='word_1_15' title='bbox 383 1280 446 1340; x_wconf 64' lang='lat' dir='ltr'>lure</span> <span class='ocrx_word' id='word_1_16' title='bbox 455 1274 596 1336; x_wconf 73' lang='lat' dir='ltr'>stilicettu</span> <span class='ocrx_word' id='word_1_17' title='bbox 608 1273 710 1355; x_wconf 78' lang='lat' dir='ltr'>pellea.</span> <span class='ocrx_word' id='word_1_18' title='bbox 732 1271 768 1338; x_wconf 80' lang='lat' dir='ltr'>de</span> <span class='ocrx_word' id='word_1_19' title='bbox 776 1273 934 1355; x_wconf 81' lang='lat' dir='ltr'>cujusquam</span> <span class='ocrx_word' id='word_1_20' title='bbox 944 1280 988 1338; x_wconf 66' lang='lat' dir='ltr'>vie</span> 
     </span>
     <span class='ocr_line' id='line_1_5' title="bbox 382 1360 989 1440; baseline 0.005 -17"><span class='ocrx_word' id='word_1_21' title='bbox 382 1360 875 1440; x_wconf 77' lang='lat' dir='ltr'>udicereaudes,quihocconcedat</span> <span class='ocrx_word' id='word_1_22' title='bbox 884 1361 989 1426; x_wconf 71' lang='lat' dir='ltr'>necesse</span> 
     </span>
     <span class='ocr_line' id='line_1_6' title="bbox 379 1447 987 1527; baseline 0.003 -20"><span class='ocrx_word' id='word_1_23' title='bbox 379 1449 430 1523; x_wconf 84' lang='lat' dir='ltr'>est,</span> <span class='ocrx_word' id='word_1_24' title='bbox 448 1451 488 1506; x_wconf 85' lang='lat' dir='ltr'>ita</span> <span class='ocrx_word' id='word_1_25' title='bbox 503 1464 531 1506; x_wconf 91' lang='lat' dir='ltr'>te</span> <span class='ocrx_word' id='word_1_26' title='bbox 543 1467 652 1507; x_wconf 80' lang='lat' dir='ltr'>caecum</span> <span class='ocrx_word' id='word_1_27' title='bbox 668 1447 818 1527; x_wconf 80' lang='lat' dir='ltr'>cupiditate</span> <span class='ocrx_word' id='word_1_28' title='bbox 829 1465 857 1508; x_wconf 90' lang='lat' dir='ltr'>et</span> <span class='ocrx_word' id='word_1_29' title='bbox 871 1451 987 1520; x_wconf 70' lang='lat' dir='ltr'>avaritia</span> 
     </span>
     <span class='ocr_line' id='line_1_7' title="bbox 383 1531 987 1614; baseline 0.007 -20"><span class='ocrx_word' id='word_1_30' title='bbox 383 1533 475 1606; x_wconf 76' lang='lat' dir='ltr'>fuisse,</span> <span class='ocrx_word' id='word_1_31' title='bbox 486 1549 530 1606; x_wconf 91' lang='lat' dir='ltr'>ut,</span> <span class='ocrx_word' id='word_1_32' title='bbox 541 1531 987 1614; x_wconf 69' lang='lat' dir='ltr'>cumpostmquidfinummesset,</span> 
     </span>
     <span class='ocr_line' id='line_1_8' title="bbox 384 1618 984 1701; baseline 0.01 -23"><span class='ocrx_word' id='word_1_33' title='bbox 384 1618 661 1696; x_wconf 78' lang='lat' dir='ltr'>ignoraresrtccidere</span> <span class='ocrx_word' id='word_1_34' title='bbox 670 1635 762 1680; x_wconf 79' lang='lat' dir='ltr'>nutem</span> <span class='ocrx_word' id='word_1_35' title='bbox 770 1620 857 1680; x_wconf 75' lang='lat' dir='ltr'>multe</span> <span class='ocrx_word' id='word_1_36' title='bbox 864 1621 984 1701; x_wconf 76' lang='lat' dir='ltr'>pollente</span> 
     </span>
     <span class='ocr_line' id='line_1_9' title="bbox 384 1704 986 1785; baseline 0.007 -20"><span class='ocrx_word' id='word_1_37' title='bbox 384 1705 460 1785; x_wconf 88' lang='lat' dir='ltr'>spem</span> <span class='ocrx_word' id='word_1_38' title='bbox 470 1704 592 1764; x_wconf 79' lang='lat' dir='ltr'>maleficii</span> <span class='ocrx_word' id='word_1_39' title='bbox 603 1704 752 1785; x_wconf 75' lang='lat' dir='ltr'>praesentis</span> <span class='ocrx_word' id='word_1_40' title='bbox 763 1708 793 1765; x_wconf 90' lang='lat' dir='ltr'>in</span> <span class='ocrx_word' id='word_1_41' title='bbox 806 1708 913 1767; x_wconf 88' lang='lat' dir='ltr'>incerto</span> <span class='ocrx_word' id='word_1_42' title='bbox 921 1710 986 1770; x_wconf 86' lang='lat' dir='ltr'>reli·</span> 
     </span>
     <span class='ocr_line' id='line_1_10' title="bbox 382 1792 990 1875; baseline 0.01 -25"><span class='ocrx_word' id='word_1_43' title='bbox 382 1795 431 1871; x_wconf 88' lang='lat' dir='ltr'>qui</span> <span class='ocrx_word' id='word_1_44' title='bbox 451 1794 584 1871; x_wconf 84' lang='lat' dir='ltr'>temporis</span> <span class='ocrx_word' id='word_1_45' title='bbox 599 1808 701 1851; x_wconf 85' lang='lat' dir='ltr'>eventu</span> <span class='ocrx_word' id='word_1_46' title='bbox 719 1792 889 1852; x_wconf 80' lang='lat' dir='ltr'>collocares?</span> <span class='ocrx_word' id='word_1_47' title='bbox 905 1810 990 1875; x_wconf 83' lang='lat' dir='ltr'>atque</span> 
     </span>
     <span class='ocr_line' id='line_1_11' title="bbox 380 1877 983 1960; baseline 0.007 -22"><span class='ocrx_word' id='word_1_48' title='bbox 380 1882 446 1939; x_wconf 82' lang='lat' dir='ltr'>haec</span> <span class='ocrx_word' id='word_1_49' title='bbox 458 1878 574 1959; x_wconf 89' lang='lat' dir='ltr'>perinde</span> <span class='ocrx_word' id='word_1_50' title='bbox 580 1877 693 1957; x_wconf 90' lang='lat' dir='ltr'>loquor,</span> <span class='ocrx_word' id='word_1_51' title='bbox 705 1878 779 1958; x_wconf 80' lang='lat' dir='ltr'>qunfi</span> <span class='ocrx_word' id='word_1_52' title='bbox 789 1878 903 1960; x_wconf 86' lang='lat' dir='ltr'>ipsoillo</span> <span class='ocrx_word' id='word_1_53' title='bbox 914 1897 983 1942; x_wconf 86' lang='lat' dir='ltr'>tern-</span> 
     </span>
     <span class='ocr_line' id='line_1_12' title="bbox 381 1963 985 2045; baseline 0.008 -21"><span class='ocrx_word' id='word_1_54' title='bbox 381 1986 459 2042; x_wconf 83' lang='lat' dir='ltr'>pore,</span> <span class='ocrx_word' id='word_1_55' title='bbox 470 1987 533 2025; x_wconf 89' lang='lat' dir='ltr'>cnm</span> <span class='ocrx_word' id='word_1_56' title='bbox 549 1981 578 2025; x_wconf 87' lang='lat' dir='ltr'>te</span> <span class='ocrx_word' id='word_1_57' title='bbox 589 1980 700 2045; x_wconf 84' lang='lat' dir='ltr'>praetor</span> <span class='ocrx_word' id='word_1_58' title='bbox 719 1963 829 2043; x_wconf 82' lang='lat' dir='ltr'>jullrllet</span> <span class='ocrx_word' id='word_1_59' title='bbox 844 1989 880 2027; x_wconf 84' lang='lat' dir='ltr'>ex</span> <span class='ocrx_word' id='word_1_60' title='bbox 895 1968 985 2030; x_wconf 68' lang='lat' dir='ltr'>edicto</span> 
     </span>
     <span class='ocr_line' id='line_1_13' title="bbox 382 2045 986 2131; baseline 0.008 -21"><span class='ocrx_word' id='word_1_61' title='bbox 382 2052 522 2130; x_wconf 81' lang='lat' dir='ltr'>poffidere,</span> <span class='ocrx_word' id='word_1_62' title='bbox 533 2050 592 2112; x_wconf 85' lang='lat' dir='ltr'>fiin</span> <span class='ocrx_word' id='word_1_63' title='bbox 604 2045 790 2131; x_wconf 78' lang='lat' dir='ltr'>potseffionem</span> <span class='ocrx_word' id='word_1_64' title='bbox 805 2053 926 2131; x_wconf 79' lang='lat' dir='ltr'>misslset,</span> <span class='ocrx_word' id='word_1_65' title='bbox 937 2055 986 2115; x_wconf 90' lang='lat' dir='ltr'>de-</span> 
     </span>
     <span class='ocr_line' id='line_1_14' title="bbox 382 2138 986 2221; baseline 0.01 -26"><span class='ocrx_word' id='word_1_66' title='bbox 382 2139 486 2211; x_wconf 76' lang='lat' dir='ltr'>bueris,</span> <span class='ocrx_word' id='word_1_67' title='bbox 498 2154 544 2198; x_wconf 79' lang='lat' dir='ltr'>aut</span> <span class='ocrx_word' id='word_1_68' title='bbox 553 2140 676 2217; x_wconf 80' lang='lat' dir='ltr'>potuerit</span> <span class='ocrx_word' id='word_1_69' title='bbox 684 2145 717 2200; x_wconf 87' lang='lat' dir='ltr'>P.</span> <span class='ocrx_word' id='word_1_70' title='bbox 727 2142 874 2214; x_wconf 84' lang='lat' dir='ltr'>Quintium</span> <span class='ocrx_word' id='word_1_71' title='bbox 881 2141 915 2199; x_wconf 97' lang='lat' dir='ltr'>de</span> <span class='ocrx_word' id='word_1_72' title='bbox 922 2138 986 2221; x_wconf 92' lang='lat' dir='ltr'>pos·</span> 
     </span>
     <span class='ocr_line' id='line_1_15' title="bbox 342 2221 983 2299; baseline 0.003 -13"><span class='ocrx_word' id='word_1_73' title='bbox 342 2249 373 2293; x_wconf 87' lang='lat'>27</span> <span class='ocrx_word' id='word_1_74' title='bbox 380 2221 494 2284; x_wconf 75' lang='lat' dir='ltr'>serlione</span> <span class='ocrx_word' id='word_1_75' title='bbox 510 2223 665 2285; x_wconf 72' lang='lat' dir='ltr'>deturbare.</span> <span class='ocrx_word' id='word_1_76' title='bbox 733 2228 835 2286; x_wconf 79' lang='lat' dir='ltr'>Omnia</span> <span class='ocrx_word' id='word_1_77' title='bbox 849 2224 925 2299; x_wconf 85' lang='lat' dir='ltr'>sunt,</span> <span class='ocrx_word' id='word_1_78' title='bbox 948 2233 983 2288; x_wconf 85' lang='lat' dir='ltr'>C.</span> 
     </span>
     <span class='ocr_line' id='line_1_16' title="bbox 379 2308 985 2393; baseline 0.007 -25"><span class='ocrx_word' id='word_1_79' title='bbox 379 2311 488 2389; x_wconf 82' lang='lat' dir='ltr'>Aquili,</span> <span class='ocrx_word' id='word_1_80' title='bbox 509 2310 655 2387; x_wconf 85' lang='lat' dir='ltr'>ejusmodi,</span> <span class='ocrx_word' id='word_1_81' title='bbox 674 2308 767 2391; x_wconf 81' lang='lat' dir='ltr'>quivis</span> <span class='ocrx_word' id='word_1_82' title='bbox 784 2327 815 2370; x_wconf 90' lang='lat' dir='ltr'>ut</span> <span class='ocrx_word' id='word_1_83' title='bbox 833 2311 985 2393; x_wconf 81' lang='lat' dir='ltr'>perspicere</span> 
     </span>
     <span class='ocr_line' id='line_1_17' title="bbox 378 2395 984 2478; baseline 0.003 -20"><span class='ocrx_word' id='word_1_84' title='bbox 378 2398 470 2478; x_wconf 84' lang='lat' dir='ltr'>poffit,</span> <span class='ocrx_word' id='word_1_85' title='bbox 486 2400 515 2455; x_wconf 91' lang='lat' dir='ltr'>in</span> <span class='ocrx_word' id='word_1_86' title='bbox 526 2401 576 2457; x_wconf 76' lang='lat' dir='ltr'>hac</span> <span class='ocrx_word' id='word_1_87' title='bbox 585 2395 663 2456; x_wconf 75' lang='lat' dir='ltr'>causa</span> <span class='ocrx_word' id='word_1_88' title='bbox 671 2399 874 2477; x_wconf 81' lang='lat' dir='ltr'>improbitatem</span> <span class='ocrx_word' id='word_1_89' title='bbox 886 2415 913 2458; x_wconf 90' lang='lat' dir='ltr'>et</span> <span class='ocrx_word' id='word_1_90' title='bbox 919 2421 984 2478; x_wconf 83' lang='lat' dir='ltr'>gra·</span> 
     </span>
     <span class='ocr_line' id='line_1_18' title="bbox 378 2486 981 2564; baseline 0.012 -22"><span class='ocrx_word' id='word_1_91' title='bbox 378 2486 445 2542; x_wconf 81' lang='lat' dir='ltr'>tiam</span> <span class='ocrx_word' id='word_1_92' title='bbox 453 2504 516 2543; x_wconf 89' lang='lat' dir='ltr'>curn</span> <span class='ocrx_word' id='word_1_93' title='bbox 528 2486 624 2564; x_wconf 88' lang='lat' dir='ltr'>inopia</span> <span class='ocrx_word' id='word_1_94' title='bbox 635 2498 663 2542; x_wconf 88' lang='lat' dir='ltr'>et</span> <span class='ocrx_word' id='word_1_95' title='bbox 674 2486 790 2544; x_wconf 83' lang='lat' dir='ltr'>veritate</span> <span class='ocrx_word' id='word_1_96' title='bbox 801 2486 981 2550; x_wconf 86' lang='lat' dir='ltr'>contendere.</span> 
     </span>
     <span class='ocr_line' id='line_1_19' title="bbox 379 2570 983 2652; baseline 0.008 -24"><span class='ocrx_word' id='word_1_97' title='bbox 379 2587 490 2647; x_wconf 78' lang='lat' dir='ltr'>praetor</span> <span class='ocrx_word' id='word_1_98' title='bbox 502 2585 529 2629; x_wconf 90' lang='lat' dir='ltr'>te</span> <span class='ocrx_word' id='word_1_99' title='bbox 541 2570 771 2648; x_wconf 70' lang='lat' dir='ltr'>quemadmodum</span> <span class='ocrx_word' id='word_1_100' title='bbox 783 2572 912 2652; x_wconf 83' lang='lat' dir='ltr'>pollrdere</span> <span class='ocrx_word' id='word_1_101' title='bbox 923 2572 983 2652; x_wconf 87' lang='lat' dir='ltr'>jus-</span> 
     </span>
     <span class='ocr_line' id='line_1_20' title="bbox 378 2654 981 2739; baseline 0.012 -25"><span class='ocrx_word' id='word_1_102' title='bbox 378 2654 427 2715; x_wconf 79' lang='lat' dir='ltr'>sit?</span> <span class='ocrx_word' id='word_1_103' title='bbox 441 2660 558 2737; x_wconf 88' lang='lat' dir='ltr'>opinor,</span> <span class='ocrx_word' id='word_1_104' title='bbox 570 2676 607 2715; x_wconf 85' lang='lat' dir='ltr'>ex</span> <span class='ocrx_word' id='word_1_105' title='bbox 621 2657 723 2717; x_wconf 68' lang='lat' dir='ltr'>editio.</span> <span class='ocrx_word' id='word_1_106' title='bbox 747 2655 855 2737; x_wconf 86' lang='lat' dir='ltr'>sponfio</span> <span class='ocrx_word' id='word_1_107' title='bbox 867 2680 936 2739; x_wconf 80' lang='lat' dir='ltr'>quae</span> <span class='ocrx_word' id='word_1_108' title='bbox 950 2662 981 2722; x_wconf 85' lang='lat' dir='ltr'>in</span> 
     </span>
     <span class='ocr_line' id='line_1_21' title="bbox 377 2741 983 2824; baseline 0.01 -23"><span class='ocrx_word' id='word_1_109' title='bbox 377 2745 459 2802; x_wconf 86' lang='lat' dir='ltr'>verba</span> <span class='ocrx_word' id='word_1_110' title='bbox 473 2743 544 2802; x_wconf 75' lang='lat' dir='ltr'>fadia</span> <span class='ocrx_word' id='word_1_111' title='bbox 560 2741 617 2801; x_wconf 88' lang='lat' dir='ltr'>est?</span> <span class='ocrx_word' id='word_1_112' title='bbox 631 2744 683 2803; x_wconf 90' lang='lat' dir='ltr'>‘ni</span> <span class='ocrx_word' id='word_1_113' title='bbox 696 2764 731 2802; x_wconf 86' lang='lat' dir='ltr'>ex</span> <span class='ocrx_word' id='word_1_114' title='bbox 745 2745 834 2804; x_wconf 76' lang='lat' dir='ltr'>edidio</span> <span class='ocrx_word' id='word_1_115' title='bbox 846 2749 983 2824; x_wconf 78' lang='lat' dir='ltr'>praetorio</span> 
     </span>
     <span class='ocr_line' id='line_1_22' title="bbox 378 2828 983 2909; baseline 0.005 -21"><span class='ocrx_word' id='word_1_116' title='bbox 378 2830 475 2889; x_wconf 81' lang='lat' dir='ltr'>‘bona</span> <span class='ocrx_word' id='word_1_117' title='bbox 485 2838 517 2889; x_wconf 88' lang='lat' dir='ltr'>P.</span> <span class='ocrx_word' id='word_1_118' title='bbox 527 2828 758 2909; x_wconf 74' lang='lat' dir='ltr'>Quintiipollella</span> <span class='ocrx_word' id='word_1_119' title='bbox 772 2851 832 2888; x_wconf 91' lang='lat' dir='ltr'>non</span> <span class='ocrx_word' id='word_1_120' title='bbox 843 2828 918 2890; x_wconf 80' lang='lat' dir='ltr'>smn&#39;</span> <span class='ocrx_word' id='word_1_121' title='bbox 941 2853 983 2891; x_wconf 90' lang='lat' dir='ltr'>re·</span> 
     </span>
     <span class='ocr_line' id='line_1_23' title="bbox 377 2915 983 2995; baseline 0.012 -23"><span class='ocrx_word' id='word_1_122' title='bbox 377 2915 489 2974; x_wconf 88' lang='lat' dir='ltr'>deamus</span> <span class='ocrx_word' id='word_1_123' title='bbox 506 2915 540 2976; x_wconf 84' lang='lat' dir='ltr'>ad</span> <span class='ocrx_word' id='word_1_124' title='bbox 555 2915 684 2976; x_wconf 77' lang='lat' dir='ltr'>edietum.</span> <span class='ocrx_word' id='word_1_125' title='bbox 713 2916 741 2976; x_wconf 92' lang='lat' dir='ltr'>id</span> <span class='ocrx_word' id='word_1_126' title='bbox 753 2916 983 2995; x_wconf 79' lang='lat' dir='ltr'>quemadmodum</span> 
     </span>
     <span class='ocr_line' id='line_1_24' title="bbox 372 3000 982 3083; baseline 0.01 -23"><span class='ocrx_word' id='word_1_127' title='bbox 372 3003 454 3080; x_wconf 86' lang='lat' dir='ltr'>jubet</span> <span class='ocrx_word' id='word_1_128' title='bbox 465 3003 611 3083; x_wconf 84' lang='lat' dir='ltr'>pollrdere?</span> <span class='ocrx_word' id='word_1_129' title='bbox 626 3003 767 3080; x_wconf 84' lang='lat' dir='ltr'>numquid</span> <span class='ocrx_word' id='word_1_130' title='bbox 780 3000 816 3061; x_wconf 89' lang='lat' dir='ltr'>est</span> <span class='ocrx_word' id='word_1_131' title='bbox 829 3001 934 3080; x_wconf 80' lang='lat' dir='ltr'>causae,</span> <span class='ocrx_word' id='word_1_132' title='bbox 947 3010 982 3067; x_wconf 85' lang='lat' dir='ltr'>C.</span> 
     </span>
     <span class='ocr_line' id='line_1_25' title="bbox 375 3086 984 3171; baseline 0.008 -23"><span class='ocrx_word' id='word_1_133' title='bbox 375 3090 483 3169; x_wconf 84' lang='lat' dir='ltr'>Aquili,</span> <span class='ocrx_word' id='word_1_134' title='bbox 491 3087 765 3168; x_wconf 85' lang='lat' dir='ltr'>quinfilongealiter</span> <span class='ocrx_word' id='word_1_135' title='bbox 773 3086 984 3171; x_wconf 81' lang='lat' dir='ltr'>polledit,quam</span> 
     </span>
     <span class='ocr_line' id='line_1_26' title="bbox 375 3174 983 3258; baseline 0.008 -23"><span class='ocrx_word' id='word_1_136' title='bbox 375 3193 488 3256; x_wconf 84' lang='lat' dir='ltr'>praetor</span> <span class='ocrx_word' id='word_1_137' title='bbox 499 3176 598 3250; x_wconf 85' lang='lat' dir='ltr'>edixit,</span> <span class='ocrx_word' id='word_1_138' title='bbox 610 3174 658 3233; x_wconf 90' lang='lat' dir='ltr'>iste</span> <span class='ocrx_word' id='word_1_139' title='bbox 670 3196 707 3234; x_wconf 83' lang='lat' dir='ltr'>ex</span> <span class='ocrx_word' id='word_1_140' title='bbox 720 3177 808 3236; x_wconf 73' lang='lat' dir='ltr'>edido</span> <span class='ocrx_word' id='word_1_141' title='bbox 825 3196 886 3236; x_wconf 87' lang='lat' dir='ltr'>non</span> <span class='ocrx_word' id='word_1_142' title='bbox 894 3178 983 3258; x_wconf 83' lang='lat' dir='ltr'>polle·</span> 
     </span>
     <span class='ocr_line' id='line_1_27' title="bbox 374 3260 983 3346; baseline 0.005 -24"><span class='ocrx_word' id='word_1_143' title='bbox 374 3262 455 3338; x_wconf 83' lang='lat' dir='ltr'>derit,</span> <span class='ocrx_word' id='word_1_144' title='bbox 475 3284 528 3341; x_wconf 79' lang='lat' dir='ltr'>ego</span> <span class='ocrx_word' id='word_1_145' title='bbox 540 3260 686 3342; x_wconf 88' lang='lat' dir='ltr'>sponfione</span> <span class='ocrx_word' id='word_1_146' title='bbox 697 3263 824 3322; x_wconf 82' lang='lat' dir='ltr'>vicerim?</span> <span class='ocrx_word' id='word_1_147' title='bbox 841 3264 910 3324; x_wconf 85' lang='lat' dir='ltr'>nihil</span> <span class='ocrx_word' id='word_1_148' title='bbox 921 3268 983 3346; x_wconf 90' lang='lat' dir='ltr'>opi·</span> 
     </span>
     <span class='ocr_line' id='line_1_28' title="bbox 377 3346 983 3433; baseline 0.008 -25"><span class='ocrx_word' id='word_1_149' title='bbox 377 3367 438 3411; x_wconf 86' lang='lat' dir='ltr'>uor.</span> <span class='ocrx_word' id='word_1_150' title='bbox 462 3346 665 3429; x_wconf 76' lang='lat' dir='ltr'>cognoscamus</span> <span class='ocrx_word' id='word_1_151' title='bbox 677 3347 804 3414; x_wconf 73' lang='lat' dir='ltr'>edietum.</span> <span class='ocrx_word' id='word_1_152' title='bbox 828 3348 983 3433; x_wconf 81' lang='lat' dir='ltr'>‘quiexe-</span> 
     </span>
    </p>
   </div>
   <div class='ocr_carea' id='block_1_3' title="bbox 0 0 1380 4267">
    <p class='ocr_par' dir='ltr' id='par_1_3' title="bbox 0 0 1380 4267">
     <span class='ocr_line' id='line_1_29' title="bbox 0 0 1380 4267; baseline 0 2"><span class='ocrx_word' id='word_1_153' title='bbox 0 0 1380 4267; x_wconf 95' lang='lat' dir='ltr'> </span> 
     </span>
    </p>
   </div>
  </div>
 </body>
</html>
