2750 4267
516 684 545 740 8.
564 685 600 740 ii.
619 679 841 738 AMERiNO.
942 678 978 749 85

375 782 470 848 rudore
482 782 570 844 filium
585 781 692 844 voluit:
709 802 792 862 quam
805 782 843 840 ob
852 777 975 841 causam?

377 872 480 934 nescio.
503 868 739 930 exheredavitne?
755 889 826 928 non.
841 868 905 947 quis
913 889 978 947 pro·

377 957 480 1020 hibuit?
497 957 647 1035 cogiubat.
668 956 823 1034 cogitabat?
838 951 978 1016 ouidixiri

378 1044 495 1106 nmini.
518 1041 724 1121 quidestoliud,
736 1042 856 1119 judicio,
870 1039 979 1120 aciegi·

378 1131 443 1204 bun,
457 1149 491 1188 oc
503 1127 641 1206 majestrte
656 1127 744 1187 vestra
754 1129 830 1187 abuti
842 1125 876 1183 ad
885 1126 981 1205 quaes·

381 1231 454 1288 tum,
469 1213 757 1292 ntquendlibidinem,
772 1211 884 1272 nisrhoc
893 1215 980 1276 modo

383 1297 859 1380 recusarenrqueidobjicere,quod
867 1298 982 1377 planum

380 1385 540 1448 sonerenon
551 1385 635 1447 modo
644 1407 705 1447 non
720 1387 814 1465 possis,
832 1403 929 1445 verum
946 1409 982 1448 ne

380 1476 495 1536 wnerir
509 1471 638 1551 quidem?
654 1492 739 1531 nemo
754 1469 877 1533 nostrum
886 1470 935 1547 est,
949 1479 985 1534 E·

381 1557 913 1720 iiiiiiiziiff'tiisssiiss}
918 1567 985 1726 ἷῖἔέ

382 1731 418 1794 de
433 1730 512 1794 cnnsn
526 1735 591 1792 huic
607 1732 737 1791 inimicus
755 1733 863 1808 venius.
893 1730 984 1794 sciunt

383 1817 496 1898 hujusce
510 1819 627 1898 pecunia
637 1818 820 1878 readduuum
831 1815 893 1877 esse.
917 1819 985 1897 quid

383 1925 453 1984 ergo
468 1903 527 1964 est?
551 1908 590 1965 ita
606 1919 700 1963 tomen
717 1903 842 1982 quaestus
863 1918 890 1961 te
906 1907 983 1985 cupi·

384 1991 453 2053 dum
465 1989 516 2052 eise
523 1992 684 2071 oportebat,
699 2004 730 2050 ut
740 1993 839 2050 horum
848 1988 986 2050 existimu-

386 2081 511 2154 tionem,
537 2093 566 2138 et
587 2078 674 2156 legem
696 2078 850 2136 Remmiam
874 2093 985 2157 putores

348 2159 493 2242 ²⁰niiquid
514 2164 607 2224 volere
628 2178 769 2243 oportere.
805 2161 986 2226 Accusatores

386 2250 491 2312 multos
507 2249 559 2310 esse
573 2253 603 2310 in
619 2251 734 2309 civitate
748 2249 814 2310 utile
826 2249 875 2326 esi,
886 2267 917 2310 ut
929 2273 989 2312 me·

386 2335 989 2398 mcontinennrraudnciaeverunoomenhoo

386 2426 427 2486 itn
441 2422 479 2484 est
494 2422 575 2498 utile,
589 2437 622 2482 ut
638 2443 674 2482 ne
692 2421 774 2502 plane
792 2421 939 2480 illudamur
954 2426 990 2484 ab

387 2508 601 2572 uocnsntoribns.
627 2511 766 2569 innocens
782 2506 820 2566 est
836 2505 988 2586 quispiam

387 2611 584 2672 veruntamen,
600 2615 760 2676 quanquam
776 2591 847 2653 abest
862 2613 879 2651 a
897 2593 990 2675 culpo,

387 2681 542 2765 suspicione
553 2698 712 2743 tamennon
720 2696 804 2740 caret.
829 2678 931 2739 tametsi
939 2683 994 2742 mi·

387 2769 478 2832 serum
486 2767 535 2841 est,
553 2784 646 2828 tumen
661 2769 698 2845 ei,
719 2770 769 2846 qni
787 2771 861 2827 hunc
873 2765 993 2846 accuset,

390 2857 486 2938 possim
502 2855 598 2934 aliquo
612 2854 698 2914 modo
713 2851 864 2931 ignoscere.
888 2875 950 2914 cum
961 2876 993 2915 e·

391 2944 449 3002 nim
466 2941 572 3021 aliquid
588 2944 697 3014 habent,
714 2940 790 3019 quod
803 2940 882 3020 posit
900 2944 993 3002 crimi-

392 3027 459 3094 nose
472 3049 507 3094 oc
525 3024 669 3108 suspiciose
682 3025 786 3106 dicere,
808 3042 901 3114 aperte
919 3027 1000 3110 iudif

987 3165 1023 3208 «Ι
