2750 4267
501 1004 577 1058 aa.
598 1001 817 1057 nutantuo.
919 1016 957 1080 95

351 1103 523 1187 polluerent,
546 1121 605 1182 quo
619 1117 741 1177 metere,
763 1121 834 1183 quae
852 1103 957 1165 violata

351 1187 425 1267 sont,
432 1190 541 1269 expiari
548 1203 690 1270 putantur.
698 1189 818 1268 denique
825 1189 958 1252 nihiltanr

352 1277 417 1351 vlle,
424 1295 522 1356 neque
530 1290 586 1334 tam
596 1274 706 1351 vulgate
713 1275 842 1354 ell,cujua
850 1293 957 1356 partem

352 1363 435 1424 ullam
449 1366 489 1422 eia
507 1362 678 1441 reliquerint.
705 1365 808 1422 etenim
820 1364 887 1442 quid
900 1365 967 1426 tam'

353 1448 391 1510 est
397 1470 558 1523 commune,
569 1468 653 1526 quatu
666 1445 776 1526 spiritua
789 1451 872 1523 vivia,
884 1467 958 1512 terra

354 1537 484 1608 mortuis,
494 1555 568 1596 mure
579 1535 786 1611 fluctuantibus,
804 1537 870 1595 litus
885 1538 959 1615 ejec-

356 1623 408 1682 tia?
425 1624 464 1681 ita
476 1623 586 1694 vivunt,
598 1621 664 1679 dnm
679 1618 803 1700 possunt,
813 1638 845 1680 ut
861 1623 960 1683 ducere

356 1706 516 1768 animde
526 1707 605 1766 coelo
620 1727 680 1768 non
693 1722 811 1786 queant:
823 1710 862 1767 ita
876 1709 963 1770 moriz

356 1811 452 1869 untur,
465 1811 599 1855 uteorum
616 1792 671 1852 olla
687 1809 759 1852 terra
775 1813 835 1852 uon
847 1809 960 1873 tangatt

356 1884 395 1943 ita
407 1883 549 1959 jaciuntur
562 1881 701 1953 fluctibus,
713 1897 744 1940 ut
753 1879 897 1959 nunquam
912 1885 961 1942 abs

354 1966 484 2028 luantura
498 1970 536 2026 ita
551 1966 688 2046 postremo
704 1967 866 2045 ejiciuntur,
877 1984 910 2028 nt
927 1990 964 2030 ne

356 2054 391 2115 ad
411 2053 477 2114 saxa
496 2055 606 2133 quidem
627 2056 730 2113 mortui
751 2054 961 2132 conquiescant.

357 2143 428 2201 tanti
437 2139 562 2200 maleficii
573 2143 688 2212 crimen,
705 2143 749 2200 cui
758 2139 890 2200 maleficio
906 2158 964 2202 tatn

358 2225 465 2306 insigne
476 2224 637 2306 supplicium
648 2226 686 2284 est
694 2226 885 2301 constitutum,
897 2247 963 2307 pro·

360 2315 473 2385 berete,
482 2314 579 2386 Eruci,
594 2311 686 2373 censes
693 2309 769 2392 posse
776 2313 963 2388 talibusviria,

359 2398 379 2458 li
391 2418 428 2457 ne
435 2395 541 2456 causum
548 2399 658 2478 quidem
666 2399 791 2458 maleficii
800 2399 963 2479 protuleris?

359 2484 462 2545 lihunc
470 2484 540 2563 apud
548 2488 832 2566 bonorumemptotes
838 2485 911 2567 ipsos
919 2507 967 2550 ac·

360 2569 675 2651 cusarea,eiquejudicio
683 2570 881 2651 Chrysogonus
889 2594 966 2651 prae·

361 2655 439 2730 essct,
454 2673 546 2717 tumen
559 2658 723 2735 diligentius
735 2657 909 2736 paratiusque
917 2680 966 2718 ve·

362 2741 453 2803 nisset.
476 2760 583 2818 utrum,
594 2743 661 2823 quid
670 2760 778 2821 agatur,
790 2761 850 2801 non
866 2744 965 2804 videa?

361 2849 409 2904 an,
423 2830 496 2910 apud
507 2850 580 2908 quoa
588 2833 699 2907 agatur?
715 2828 968 2906 agitur'depatrici·

362 2915 428 2976 'dior
444 2915 522 2995 quod
537 2912 788 2975 sinemultiscaufis
798 2911 895 2993 suscipi
907 2935 968 2976 non

362 3001 463 3083 potest.
488 3001 560 3081 apud
573 3003 700 3061 homines
716 2997 969 3080 autemprudentis·

363 3086 605 3166 limoaagiturzqui
614 3087 925 3166 intelligunt,netninem
934 3105 971 3148 nt

363 3176 512 3236 minimum
526 3174 637 3255 quidem
652 3174 813 3233 maleficium
826 3172 882 3234 stne
891 3173 972 3236 causa

332 3285 355 3324 ,ιγ
363 3260 518 3320 admittere.
571 3258 654 3322 asto:
667 3258 992 3349 causantprosetteno'u

348 3345 1016 3436 maumetstsuumcrcuuuueoumu
