<?xml version="1.0" encoding="UTF-8"?>
<!DOCTYPE html PUBLIC "-//W3C//DTD XHTML 1.0 Transitional//EN"
    "http://www.w3.org/TR/xhtml1/DTD/xhtml1-transitional.dtd">
<html xmlns="http://www.w3.org/1999/xhtml" xml:lang="en" lang="en">
 <head>
  <title>
</title>
<meta http-equiv="Content-Type" content="text/html;charset=utf-8" />
  <meta name='ocr-system' content='tesseract 3.04.00' />
  <meta name='ocr-capabilities' content='ocr_page ocr_carea ocr_par ocr_line ocrx_word'/>
</head>
<body>
  <div class='ocr_page' id='page_1' title='image "./mtulliiciceroni23cicegoog_0201.png"; bbox 0 0 2750 4267; ppageno 0'>
   <div class='ocr_carea' id='block_1_1' title="bbox 348 1006 1006 1363">
    <p class='ocr_par' dir='ltr' id='par_1_1' title="bbox 518 1006 988 1081">
     <span class='ocr_line' id='line_1_1' title="bbox 518 1006 988 1081; baseline -0.004 -12"><span class='ocrx_word' id='word_1_1' title='bbox 518 1009 838 1078; x_wconf 59' lang='lat' dir='ltr'>,ntvtuturu</span> <span class='ocrx_word' id='word_1_2' title='bbox 929 1006 988 1081; x_wconf 74' lang='lat'>185</span> 
     </span>
    </p>

    <p class='ocr_par' dir='ltr' id='par_1_2' title="bbox 390 1104 1006 1187">
     <span class='ocr_line' id='line_1_2' title="bbox 390 1104 1006 1187; baseline -0.006 -15"><span class='ocrx_word' id='word_1_3' title='bbox 390 1112 470 1187; x_wconf 85' lang='lat' dir='ltr'>tima,</span> <span class='ocrx_word' id='word_1_4' title='bbox 481 1127 542 1169; x_wconf 82' lang='lat' dir='ltr'>uon</span> <span class='ocrx_word' id='word_1_5' title='bbox 556 1107 603 1168; x_wconf 85' lang='lat' dir='ltr'>illa</span> <span class='ocrx_word' id='word_1_6' title='bbox 611 1108 710 1168; x_wconf 81' lang='lat' dir='ltr'>infami</span> <span class='ocrx_word' id='word_1_7' title='bbox 726 1127 759 1165; x_wconf 88' lang='lat' dir='ltr'>ac</span> <span class='ocrx_word' id='word_1_8' title='bbox 770 1104 882 1165; x_wconf 85' lang='lat' dir='ltr'>nefaria.</span> <span class='ocrx_word' id='word_1_9' title='bbox 906 1104 1006 1186; x_wconf 84' lang='lat' dir='ltr'>atque&#39;</span> 
     </span>
    </p>

    <p class='ocr_par' dir='ltr' id='par_1_3' title="bbox 348 1193 989 1363">
     <span class='ocr_line' id='line_1_3' title="bbox 348 1193 989 1276; baseline -0.003 -20"><span class='ocrx_word' id='word_1_10' title='bbox 348 1243 351 1256; x_wconf 92' lang='lat'><em>.</em></span> <span class='ocrx_word' id='word_1_11' title='bbox 393 1200 418 1257; x_wconf 83' lang='lat' dir='ltr'>ir</span> <span class='ocrx_word' id='word_1_12' title='bbox 441 1217 502 1258; x_wconf 88' lang='lat' dir='ltr'>non</span> <span class='ocrx_word' id='word_1_13' title='bbox 523 1198 580 1254; x_wconf 83' lang='lat' dir='ltr'>tam</span> <span class='ocrx_word' id='word_1_14' title='bbox 596 1210 711 1276; x_wconf 87' lang='lat' dir='ltr'>propter</span> <span class='ocrx_word' id='word_1_15' title='bbox 729 1200 846 1253; x_wconf 81' lang='lat' dir='ltr'>Verrem</span> <span class='ocrx_word' id='word_1_16' title='bbox 865 1193 989 1270; x_wconf 88' lang='lat' dir='ltr'>laborat,</span> 
     </span>
     <span class='ocr_line' id='line_1_4' title="bbox 387 1277 989 1363; baseline -0.01 -19"><span class='ocrx_word' id='word_1_17' title='bbox 387 1302 474 1363; x_wconf 87' lang='lat' dir='ltr'>quam</span> <span class='ocrx_word' id='word_1_18' title='bbox 487 1281 564 1361; x_wconf 92' lang='lat' dir='ltr'>quod</span> <span class='ocrx_word' id='word_1_19' title='bbox 578 1302 641 1341; x_wconf 87' lang='lat' dir='ltr'>tum</span> <span class='ocrx_word' id='word_1_20' title='bbox 656 1281 769 1340; x_wconf 87' lang='lat' dir='ltr'>minime</span> <span class='ocrx_word' id='word_1_21' title='bbox 777 1300 821 1341; x_wconf 81' lang='lat' dir='ltr'>rea</span> <span class='ocrx_word' id='word_1_22' title='bbox 831 1295 892 1339; x_wconf 86' lang='lat' dir='ltr'>tota</span> <span class='ocrx_word' id='word_1_23' title='bbox 900 1277 989 1338; x_wconf 85' lang='lat' dir='ltr'>delec·</span> 
     </span>
    </p>
   </div>
   <div class='ocr_carea' id='block_1_2' title="bbox 387 1363 989 1535">
    <p class='ocr_par' dir='ltr' id='par_1_4' title="bbox 387 1363 989 1535">
     <span class='ocr_line' id='line_1_5' title="bbox 388 1363 989 1446; baseline -0.01 -17"><span class='ocrx_word' id='word_1_24' title='bbox 388 1384 442 1430; x_wconf 87' lang='lat' dir='ltr'>tat.</span> <span class='ocrx_word' id='word_1_25' title='bbox 466 1367 544 1430; x_wconf 86' lang='lat' dir='ltr'>videt</span> <span class='ocrx_word' id='word_1_26' title='bbox 558 1370 645 1443; x_wconf 86' lang='lat' dir='ltr'>enim,</span> <span class='ocrx_word' id='word_1_27' title='bbox 661 1363 681 1426; x_wconf 88' lang='lat' dir='ltr'>sr</span> <span class='ocrx_word' id='word_1_28' title='bbox 697 1386 714 1425; x_wconf 88' lang='lat' dir='ltr'>a</span> <span class='ocrx_word' id='word_1_29' title='bbox 728 1367 819 1446; x_wconf 82' lang='lat' dir='ltr'>pueris</span> <span class='ocrx_word' id='word_1_30' title='bbox 836 1364 989 1442; x_wconf 84' lang='lat' dir='ltr'>nobilibus,</span> 
     </span>
     <span class='ocr_line' id='line_1_6' title="bbox 387 1450 989 1535; baseline -0.008 -20"><span class='ocrx_word' id='word_1_31' title='bbox 387 1450 989 1535; x_wconf 71' lang='lat' dir='ltr'>quosadhucelufit3fiaquadruplatoribus,</span> 
     </span>
    </p>
   </div>
   <div class='ocr_carea' id='block_1_3' title="bbox 355 1536 998 3341">
    <p class='ocr_par' dir='ltr' id='par_1_5' title="bbox 355 1536 998 3341">
     <span class='ocr_line' id='line_1_7' title="bbox 388 1536 990 1619; baseline -0.005 -19"><span class='ocrx_word' id='word_1_32' title='bbox 388 1559 463 1619; x_wconf 81' lang='lat' dir='ltr'>quos</span> <span class='ocrx_word' id='word_1_33' title='bbox 471 1560 532 1599; x_wconf 86' lang='lat' dir='ltr'>non</span> <span class='ocrx_word' id='word_1_34' title='bbox 544 1536 599 1597; x_wconf 87' lang='lat' dir='ltr'>sme</span> <span class='ocrx_word' id='word_1_35' title='bbox 608 1537 687 1597; x_wconf 83' lang='lat' dir='ltr'>causa</span> <span class='ocrx_word' id='word_1_36' title='bbox 703 1538 865 1619; x_wconf 83' lang='lat' dir='ltr'>coutempfit</span> <span class='ocrx_word' id='word_1_37' title='bbox 874 1536 990 1618; x_wconf 85' lang='lat' dir='ltr'>semper,</span> 
     </span>
     <span class='ocr_line' id='line_1_8' title="bbox 388 1622 988 1707; baseline 0.003 -24"><span class='ocrx_word' id='word_1_38' title='bbox 388 1644 423 1684; x_wconf 85' lang='lat' dir='ltr'>ac</span> <span class='ocrx_word' id='word_1_39' title='bbox 431 1647 484 1707; x_wconf 88' lang='lat' dir='ltr'>pro</span> <span class='ocrx_word' id='word_1_40' title='bbox 492 1624 580 1684; x_wconf 87' lang='lat' dir='ltr'><strong>nihilo</strong></span> <span class='ocrx_word' id='word_1_41' title='bbox 586 1622 848 1704; x_wconf 77' lang='lat' dir='ltr'>putavit,accttsundi</span> <span class='ocrx_word' id='word_1_42' title='bbox 856 1625 988 1685; x_wconf 79' lang='lat' dir='ltr'>voluntat</span> 
     </span>
     <span class='ocr_line' id='line_1_9' title="bbox 387 1708 988 1790; baseline -0.003 -19"><span class='ocrx_word' id='word_1_43' title='bbox 387 1712 424 1772; x_wconf 87' lang='lat' dir='ltr'>ad</span> <span class='ocrx_word' id='word_1_44' title='bbox 441 1714 518 1773; x_wconf 80' lang='lat' dir='ltr'>viros</span> <span class='ocrx_word' id='word_1_45' title='bbox 540 1709 639 1786; x_wconf 83' lang='lat' dir='ltr'>sortes,</span> <span class='ocrx_word' id='word_1_46' title='bbox 659 1708 843 1790; x_wconf 59' lang='lat' dir='ltr'>speetatosque</span> <span class='ocrx_word' id='word_1_47' title='bbox 861 1713 988 1784; x_wconf 53' lang='lat' dir='ltr'>homines</span> 
     </span>
     <span class='ocr_line' id='line_1_10' title="bbox 386 1794 990 1874; baseline 0.003 -16"><span class='ocrx_word' id='word_1_48' title='bbox 386 1798 519 1858; x_wconf 87' lang='lat' dir='ltr'>transsata</span> <span class='ocrx_word' id='word_1_49' title='bbox 527 1795 572 1872; x_wconf 87' lang='lat' dir='ltr'>fit,</span> <span class='ocrx_word' id='word_1_50' title='bbox 583 1794 609 1855; x_wconf 87' lang='lat' dir='ltr'>se</span> <span class='ocrx_word' id='word_1_51' title='bbox 624 1796 772 1874; x_wconf 81' lang='lat' dir='ltr'>injudiciis</span> <span class='ocrx_word' id='word_1_52' title='bbox 781 1796 920 1857; x_wconf 87' lang='lat' dir='ltr'>dominari</span> <span class='ocrx_word' id='word_1_53' title='bbox 929 1818 990 1860; x_wconf 83' lang='lat' dir='ltr'>non</span> 
     </span>
     <span class='ocr_line' id='line_1_11' title="bbox 355 1883 988 1962; baseline 0.002 -20"><span class='ocrx_word' id='word_1_54' title='bbox 355 1890 370 1936; x_wconf 70' lang='grc' dir='ltr'><strong>Β</strong></span> <span class='ocrx_word' id='word_1_55' title='bbox 387 1883 471 1962; x_wconf 78' lang='lat' dir='ltr'>poffe.</span> <span class='ocrx_word' id='word_1_56' title='bbox 488 1903 493 1914; x_wconf 63' lang='lat'>⁸</span> <span class='ocrx_word' id='word_1_57' title='bbox 539 1885 614 1944; x_wconf 89' lang='lat' dir='ltr'>Huic</span> <span class='ocrx_word' id='word_1_58' title='bbox 621 1904 674 1961; x_wconf 88' lang='lat' dir='ltr'>ego</span> <span class='ocrx_word' id='word_1_59' title='bbox 681 1885 789 1943; x_wconf 87' lang='lat' dir='ltr'>homini</span> <span class='ocrx_word' id='word_1_60' title='bbox 799 1884 932 1961; x_wconf 87' lang='lat' dir='ltr'>jamante</span> <span class='ocrx_word' id='word_1_61' title='bbox 939 1883 988 1943; x_wconf 88' lang='lat' dir='ltr'>de·</span> 
     </span>
     <span class='ocr_line' id='line_1_12' title="bbox 386 1968 988 2048; baseline -0.002 -19"><span class='ocrx_word' id='word_1_62' title='bbox 386 1973 504 2044; x_wconf 87' lang='lat' dir='ltr'>nuntio,</span> <span class='ocrx_word' id='word_1_63' title='bbox 527 1968 578 2037; x_wconf 74' lang='lat' dir='ltr'>fia</span> <span class='ocrx_word' id='word_1_64' title='bbox 597 1990 642 2029; x_wconf 88' lang='lat' dir='ltr'>me</span> <span class='ocrx_word' id='word_1_65' title='bbox 660 1970 770 2029; x_wconf 86' lang='lat' dir='ltr'>causam</span> <span class='ocrx_word' id='word_1_66' title='bbox 786 1973 857 2029; x_wconf 88' lang='lat' dir='ltr'>hanc</span> <span class='ocrx_word' id='word_1_67' title='bbox 873 1991 925 2031; x_wconf 88' lang='lat' dir='ltr'>vos</span> <span class='ocrx_word' id='word_1_68' title='bbox 942 1971 988 2048; x_wconf 82' lang='lat' dir='ltr'>agi</span> 
     </span>
     <span class='ocr_line' id='line_1_13' title="bbox 384 2055 987 2132; baseline -0.002 -16"><span class='ocrx_word' id='word_1_69' title='bbox 384 2055 543 2132; x_wconf 78' lang='lat' dir='ltr'>volueritis,</span> <span class='ocrx_word' id='word_1_70' title='bbox 553 2058 691 2115; x_wconf 87' lang='lat' dir='ltr'>rationem</span> <span class='ocrx_word' id='word_1_71' title='bbox 706 2057 746 2116; x_wconf 85' lang='lat' dir='ltr'><strong>illi</strong></span> <span class='ocrx_word' id='word_1_72' title='bbox 761 2056 925 2117; x_wconf 85' lang='lat' dir='ltr'>defendendi</span> <span class='ocrx_word' id='word_1_73' title='bbox 942 2071 987 2115; x_wconf 92' lang='lat' dir='ltr'>to·</span> 
     </span>
     <span class='ocr_line' id='line_1_14' title="bbox 385 2142 986 2217; baseline 0.002 -16"><span class='ocrx_word' id='word_1_74' title='bbox 385 2142 501 2202; x_wconf 82' lang='lat' dir='ltr'>tameffe</span> <span class='ocrx_word' id='word_1_75' title='bbox 508 2142 680 2217; x_wconf 84' lang='lat' dir='ltr'>mutandam,</span> <span class='ocrx_word' id='word_1_76' title='bbox 693 2145 766 2201; x_wconf 87' lang='lat' dir='ltr'>etita</span> <span class='ocrx_word' id='word_1_77' title='bbox 773 2157 866 2201; x_wconf 87' lang='lat' dir='ltr'>tamen</span> <span class='ocrx_word' id='word_1_78' title='bbox 875 2158 986 2202; x_wconf 80' lang='lat' dir='ltr'>mutan-</span> 
     </span>
     <span class='ocr_line' id='line_1_15' title="bbox 384 2227 987 2304; baseline -0.005 -16"><span class='ocrx_word' id='word_1_79' title='bbox 384 2227 459 2304; x_wconf 83' lang='lat' dir='ltr'>dam,</span> <span class='ocrx_word' id='word_1_80' title='bbox 478 2245 510 2288; x_wconf 94' lang='lat' dir='ltr'>ut</span> <span class='ocrx_word' id='word_1_81' title='bbox 526 2230 639 2289; x_wconf 89' lang='lat' dir='ltr'>meliore</span> <span class='ocrx_word' id='word_1_82' title='bbox 655 2244 683 2288; x_wconf 88' lang='lat' dir='ltr'>et</span> <span class='ocrx_word' id='word_1_83' title='bbox 698 2227 853 2289; x_wconf 81' lang='lat' dir='ltr'>honestiore</span> <span class='ocrx_word' id='word_1_84' title='bbox 867 2228 987 2288; x_wconf 75' lang='lat' dir='ltr'>conditi·</span> 
     </span>
     <span class='ocr_line' id='line_1_16' title="bbox 384 2313 987 2395; baseline -0.005 -22"><span class='ocrx_word' id='word_1_85' title='bbox 384 2334 441 2373; x_wconf 87' lang='lat' dir='ltr'>one</span> <span class='ocrx_word' id='word_1_86' title='bbox 454 2314 497 2390; x_wconf 87' lang='lat' dir='ltr'>fit,</span> <span class='ocrx_word' id='word_1_87' title='bbox 509 2335 592 2393; x_wconf 85' lang='lat' dir='ltr'>quarn</span> <span class='ocrx_word' id='word_1_88' title='bbox 602 2335 657 2394; x_wconf 92' lang='lat' dir='ltr'>qua</span> <span class='ocrx_word' id='word_1_89' title='bbox 665 2314 721 2395; x_wconf 87' lang='lat' dir='ltr'>ipse</span> <span class='ocrx_word' id='word_1_90' title='bbox 733 2313 785 2373; x_wconf 81' lang='lat' dir='ltr'>effe</span> <span class='ocrx_word' id='word_1_91' title='bbox 793 2314 870 2388; x_wconf 86' lang='lat' dir='ltr'>vult;</span> <span class='ocrx_word' id='word_1_92' title='bbox 883 2331 914 2374; x_wconf 90' lang='lat' dir='ltr'>ut</span> <span class='ocrx_word' id='word_1_93' title='bbox 924 2314 987 2374; x_wconf 86' lang='lat' dir='ltr'><strong>imi·</strong></span> 
     </span>
     <span class='ocr_line' id='line_1_17' title="bbox 384 2400 986 2482; baseline 0.003 -24"><span class='ocrx_word' id='word_1_94' title='bbox 384 2414 457 2459; x_wconf 85' lang='lat' dir='ltr'>tetur</span> <span class='ocrx_word' id='word_1_95' title='bbox 466 2402 591 2460; x_wconf 78' lang='lat' dir='ltr'>homines</span> <span class='ocrx_word' id='word_1_96' title='bbox 608 2423 668 2476; x_wconf 81' lang='lat' dir='ltr'>eos,</span> <span class='ocrx_word' id='word_1_97' title='bbox 680 2423 752 2481; x_wconf 77' lang='lat' dir='ltr'>quos</span> <span class='ocrx_word' id='word_1_98' title='bbox 768 2400 823 2482; x_wconf 84' lang='lat' dir='ltr'>ipse</span> <span class='ocrx_word' id='word_1_99' title='bbox 838 2402 909 2461; x_wconf 86' lang='lat' dir='ltr'>vidit</span> <span class='ocrx_word' id='word_1_100' title='bbox 927 2421 986 2460; x_wconf 88' lang='lat' dir='ltr'>am·</span> 
     </span>
     <span class='ocr_line' id='line_1_18' title="bbox 382 2485 984 2565; baseline 0.005 -22"><span class='ocrx_word' id='word_1_101' title='bbox 382 2485 524 2565; x_wconf 79' lang='lat' dir='ltr'>pliffimos,</span> <span class='ocrx_word' id='word_1_102' title='bbox 547 2494 582 2547; x_wconf 89' lang='lat' dir='ltr'>L.</span> <span class='ocrx_word' id='word_1_103' title='bbox 601 2486 736 2563; x_wconf 84' lang='lat' dir='ltr'>Craffum,</span> <span class='ocrx_word' id='word_1_104' title='bbox 758 2503 787 2547; x_wconf 87' lang='lat' dir='ltr'>et</span> <span class='ocrx_word' id='word_1_105' title='bbox 801 2494 843 2548; x_wconf 91' lang='lat' dir='ltr'>M.</span> <span class='ocrx_word' id='word_1_106' title='bbox 860 2490 984 2548; x_wconf 88' lang='lat' dir='ltr'>Antoni·</span> 
     </span>
     <span class='ocr_line' id='line_1_19' title="bbox 382 2571 984 2652; baseline 0.005 -22"><span class='ocrx_word' id='word_1_107' title='bbox 382 2590 444 2631; x_wconf 85' lang='lat' dir='ltr'>um:</span> <span class='ocrx_word' id='word_1_108' title='bbox 458 2576 506 2652; x_wconf 88' lang='lat' dir='ltr'>qui</span> <span class='ocrx_word' id='word_1_109' title='bbox 516 2572 586 2631; x_wconf 89' lang='lat' dir='ltr'><strong>nihil</strong></span> <span class='ocrx_word' id='word_1_110' title='bbox 601 2571 628 2631; x_wconf 88' lang='lat' dir='ltr'>se</span> <span class='ocrx_word' id='word_1_111' title='bbox 643 2575 845 2634; x_wconf 87' lang='lat' dir='ltr'>arbitrabantur</span> <span class='ocrx_word' id='word_1_112' title='bbox 860 2574 895 2633; x_wconf 90' lang='lat' dir='ltr'>ad</span> <span class='ocrx_word' id='word_1_113' title='bbox 906 2574 984 2652; x_wconf 86' lang='lat' dir='ltr'>judi-</span> 
     </span>
     <span class='ocr_line' id='line_1_20' title="bbox 381 2656 982 2737; baseline 0.008 -22"><span class='ocrx_word' id='word_1_114' title='bbox 381 2659 434 2733; x_wconf 83' lang='lat' dir='ltr'>cia,</span> <span class='ocrx_word' id='word_1_115' title='bbox 446 2656 591 2735; x_wconf 86' lang='lat' dir='ltr'>causasque</span> <span class='ocrx_word' id='word_1_116' title='bbox 602 2659 763 2734; x_wconf 84' lang='lat' dir='ltr'>amicorum,</span> <span class='ocrx_word' id='word_1_117' title='bbox 778 2675 885 2737; x_wconf 88' lang='lat' dir='ltr'>praeter</span> <span class='ocrx_word' id='word_1_118' title='bbox 900 2660 982 2720; x_wconf 87' lang='lat' dir='ltr'>fidem</span> 
     </span>
     <span class='ocr_line' id='line_1_21' title="bbox 380 2740 985 2821; baseline 0.002 -19"><span class='ocrx_word' id='word_1_119' title='bbox 380 2758 409 2802; x_wconf 87' lang='lat' dir='ltr'>et</span> <span class='ocrx_word' id='word_1_120' title='bbox 418 2745 577 2818; x_wconf 88' lang='lat' dir='ltr'>ingenium,</span> <span class='ocrx_word' id='word_1_121' title='bbox 590 2740 688 2800; x_wconf 85' lang='lat' dir='ltr'>afferre</span> <span class='ocrx_word' id='word_1_122' title='bbox 704 2758 843 2821; x_wconf 87' lang='lat' dir='ltr'>oportere.</span> <span class='ocrx_word' id='word_1_123' title='bbox 868 2744 938 2802; x_wconf 89' lang='lat' dir='ltr'>nihil</span> <span class='ocrx_word' id='word_1_124' title='bbox 953 2765 985 2803; x_wconf 88' lang='lat' dir='ltr'>e·</span> 
     </span>
     <span class='ocr_line' id='line_1_22' title="bbox 381 2825 983 2904; baseline 0.005 -20"><span class='ocrx_word' id='word_1_125' title='bbox 381 2830 429 2900; x_wconf 89' lang='lat' dir='ltr'>rit,</span> <span class='ocrx_word' id='word_1_126' title='bbox 442 2825 530 2901; x_wconf 88' lang='lat' dir='ltr'>quod,</span> <span class='ocrx_word' id='word_1_127' title='bbox 542 2845 585 2882; x_wconf 88' lang='lat' dir='ltr'>me</span> <span class='ocrx_word' id='word_1_128' title='bbox 596 2842 706 2901; x_wconf 82' lang='lat' dir='ltr'>agente,</span> <span class='ocrx_word' id='word_1_129' title='bbox 723 2828 871 2885; x_wconf 88' lang='lat' dir='ltr'>arbitretur</span> <span class='ocrx_word' id='word_1_130' title='bbox 881 2828 983 2904; x_wconf 87' lang='lat' dir='ltr'>judici·</span> 
     </span>
     <span class='ocr_line' id='line_1_23' title="bbox 381 2909 982 3010; baseline 0.007 -41"><span class='ocrx_word' id='word_1_131' title='bbox 381 2932 429 2969; x_wconf 90' lang='lat' dir='ltr'>um</span> <span class='ocrx_word' id='word_1_132' title='bbox 445 2909 500 2967; x_wconf 89' lang='lat' dir='ltr'>fine</span> <span class='ocrx_word' id='word_1_133' title='bbox 517 2929 619 2992; x_wconf 64' lang='lat' dir='ltr'>magur&gt;</span> <span class='ocrx_word' id='word_1_134' title='bbox 627 2912 777 2971; x_wconf 89' lang='lat' dir='ltr'>multorum</span> <span class='ocrx_word' id='word_1_135' title='bbox 786 2912 910 3010; x_wconf 62' lang='lat' dir='ltr'>fericulo</span> <span class='ocrx_word' id='word_1_136' title='bbox 919 2912 982 2992; x_wconf 89' lang='lat' dir='ltr'><strong>pos·</strong></span> 
     </span>
     <span class='ocr_line' id='line_1_24' title="bbox 381 2996 983 3075; baseline 0.002 -17"><span class='ocrx_word' id='word_1_137' title='bbox 381 2996 408 3058; x_wconf 92' lang='lat' dir='ltr'>se</span> <span class='ocrx_word' id='word_1_138' title='bbox 428 2997 579 3075; x_wconf 87' lang='lat' dir='ltr'>corrumpi.</span> <span class='ocrx_word' id='word_1_139' title='bbox 602 2999 698 3073; x_wconf 86' lang='lat' dir='ltr'>ego-in</span> <span class='ocrx_word' id='word_1_140' title='bbox 714 3000 768 3056; x_wconf 92' lang='lat' dir='ltr'>hoc</span> <span class='ocrx_word' id='word_1_141' title='bbox 781 2996 898 3073; x_wconf 73' lang='lat' dir='ltr'>judicio,</span> <span class='ocrx_word' id='word_1_142' title='bbox 915 3000 983 3059; x_wconf 84' lang='lat' dir='ltr'>mihi</span> 
     </span>
     <span class='ocr_line' id='line_1_25' title="bbox 379 3077 984 3163; baseline 0.003 -21"><span class='ocrx_word' id='word_1_143' title='bbox 379 3084 534 3142; x_wconf 89' lang='lat' dir='ltr'>Siculorum</span> <span class='ocrx_word' id='word_1_144' title='bbox 548 3080 654 3141; x_wconf 88' lang='lat' dir='ltr'>causam</span> <span class='ocrx_word' id='word_1_145' title='bbox 661 3077 809 3163; x_wconf 80' lang='lat' dir='ltr'>receptam,</span> <span class='ocrx_word' id='word_1_146' title='bbox 821 3083 917 3163; x_wconf 88' lang='lat' dir='ltr'>populi</span> <span class='ocrx_word' id='word_1_147' title='bbox 925 3090 984 3144; x_wconf 90' lang='lat' dir='ltr'>Ro·</span> 
     </span>
     <span class='ocr_line' id='line_1_26' title="bbox 379 3167 982 3249; baseline 0.005 -20"><span class='ocrx_word' id='word_1_148' title='bbox 379 3172 456 3230; x_wconf 85' lang='lat' dir='ltr'>mani</span> <span class='ocrx_word' id='word_1_149' title='bbox 464 3167 612 3249; x_wconf 86' lang='lat' dir='ltr'>susceptam</span> <span class='ocrx_word' id='word_1_150' title='bbox 621 3168 671 3230; x_wconf 85' lang='lat' dir='ltr'>esse</span> <span class='ocrx_word' id='word_1_151' title='bbox 679 3172 839 3230; x_wconf 79' lang='lat' dir='ltr'>arbitrorrut</span> <span class='ocrx_word' id='word_1_152' title='bbox 848 3173 913 3230; x_wconf 90' lang='lat' dir='ltr'>mihi</span> <span class='ocrx_word' id='word_1_153' title='bbox 922 3192 982 3233; x_wconf 86' lang='lat' dir='ltr'>nou</span> 
     </span>
     <span class='ocr_line' id='line_1_27' title="bbox 379 3256 998 3341; baseline -0.002 -26"><span class='ocrx_word' id='word_1_154' title='bbox 379 3277 453 3317; x_wconf 81' lang='lat' dir='ltr'>unua</span> <span class='ocrx_word' id='word_1_155' title='bbox 461 3259 546 3315; x_wconf 89' lang='lat' dir='ltr'>homo</span> <span class='ocrx_word' id='word_1_156' title='bbox 563 3259 706 3339; x_wconf 79' lang='lat' dir='ltr'>improbus</span> <span class='ocrx_word' id='word_1_157' title='bbox 722 3258 928 3341; x_wconf 57' lang='lat' dir='ltr'>opprimemus</span> <span class='ocrx_word' id='word_1_158' title='bbox 941 3256 998 3328; x_wconf 62' lang='lat' dir='ltr'>br,</span> 
     </span>
    </p>
   </div>
   <div class='ocr_carea' id='block_1_4' title="bbox 368 3340 1028 3434">
    <p class='ocr_par' dir='ltr' id='par_1_6' title="bbox 368 3340 1028 3434">
     <span class='ocr_line' id='line_1_28' title="bbox 368 3340 1028 3434; baseline -0.023 -9"><span class='ocrx_word' id='word_1_159' title='bbox 368 3340 404 3400; x_wconf 62' lang='lat' dir='ltr'>fd</span> <span class='ocrx_word' id='word_1_160' title='bbox 415 3341 495 3423; x_wconf 76' lang='lat' dir='ltr'>‘1¹¹0d</span> <span class='ocrx_word' id='word_1_161' title='bbox 509 3345 596 3411; x_wconf 74' lang='lat' dir='ltr'>siculi</span> <span class='ocrx_word' id='word_1_162' title='bbox 610 3349 805 3434; x_wconf 70' lang='lat' dir='ltr'>petiveruata</span> <span class='ocrx_word' id='word_1_163' title='bbox 820 3346 875 3413; x_wconf 61' lang='lat' dir='ltr'>(eb</span> <span class='ocrx_word' id='word_1_164' title='bbox 889 3344 1028 3410; x_wconf 62' lang='lat' dir='ltr'>aruum</span> 
     </span>
    </p>
   </div>
   <div class='ocr_carea' id='block_1_5' title="bbox 0 0 1380 4267">
    <p class='ocr_par' dir='ltr' id='par_1_7' title="bbox 0 0 1380 4267">
     <span class='ocr_line' id='line_1_29' title="bbox 0 0 1380 4267; baseline 0 5"><span class='ocrx_word' id='word_1_165' title='bbox 0 0 1380 4267; x_wconf 95' lang='lat' dir='ltr'> </span> 
     </span>
    </p>
   </div>
  </div>
 </body>
</html>
