2750 4267
462 1007 884 1065 ACT10N1811.LIB.1.
928 1021 982 1082 307

378 1125 434 1184 ret,
445 1106 756 1188 secitperiteetcallide.
779 1108 910 1168 volumen
918 1110 980 1187 ejur

379 1217 470 1256 rerum
478 1194 610 1273 gellarum
626 1195 777 1253 maximum
791 1192 832 1251 isli
839 1192 957 1254 ostendit
970 1217 980 1255 r

378 1285 413 1341 ab
423 1284 537 1340 homine
553 1300 623 1359 quae
637 1280 740 1346 voluit,
759 1278 791 1338 in
808 1278 981 1338 Dolabellam

377 1366 502 1427 abstulit:
518 1365 596 1424 illum
604 1364 697 1425 testem
704 1363 853 1445 produxit:
866 1365 937 1423 dixit
944 1363 981 1423 is·

377 1468 418 1529 te,
433 1473 503 1532 quae
510 1451 580 1511 velle
587 1449 769 1511 accusatorem
782 1452 901 1531 putavit.
924 1469 983 1530 quo

377 1560 415 1598 ex
423 1539 596 1616 generemihi
605 1537 723 1610 testium,
735 1538 784 1615 qui
797 1555 859 1596 curu
875 1535 925 1597 illo
936 1534 980 1596 su·

378 1626 432 1683 rati
440 1622 513 1699 sunt,
526 1623 545 1682 fi
560 1626 602 1683 uti
613 1621 770 1695 voluissem,
784 1641 884 1700 magna
898 1625 981 1702 copia

377 1709 482 1771 fuisset:
503 1711 552 1789 qui
566 1724 598 1768 ut
609 1710 636 1767 se
651 1708 773 1789 periculo
788 1707 892 1784 litium,
910 1729 979 1768 con·

372 1797 521 1873 junffionc
531 1796 678 1854 criminum
689 1794 850 1867 liberarent,
862 1814 919 1874 quo
928 1813 981 1872 ego

375 1882 484 1957 vellem,
503 1880 682 1941 descensuros
694 1879 908 1959 pollicebantur.
931 1900 979 1941 to·

375 1987 437 2026 rum
444 1988 496 2044 ego
504 1968 678 2029 voluntatem
686 1967 811 2026 omnium
824 1967 978 2047 repudiavi.

376 2051 979 2133 noumodoproditori‚sedncpersugaequi··

375 2137 439 2197 dem
449 2138 642 2198 locurintrreir
658 2137 750 2198 oastrir
765 2141 893 2217 cuiquam
913 2140 976 2200 suit.

375 2223 489 2283 sorfitan
498 2222 850 2285 melioresilliaccusatorea
858 2224 978 2286 habendi

376 2308 451 2382 sunt,
462 2311 582 2387 quihaec
594 2313 688 2370 omnia
704 2309 844 2370 fecerunt:
865 2309 910 2370 sed
925 2329 980 2388 ego

376 2394 545 2455 defensorem
554 2399 584 2455 in
592 2417 652 2455 mea
659 2394 786 2477 persona,
802 2395 978 2456 nonaccusa·

375 2495 475 2555 torem,
495 2482 730 2541 maximelaudari
745 2482 823 2542 volo.
852 2486 977 2543 rationes

374 2568 409 2626 ad
423 2571 567 2641 aerarium,
582 2585 732 2647 antequam
745 2569 890 2629 Dolabella
905 2587 975 2630 con-

373 2653 574 2727 demnatuaell‚
588 2675 647 2712 non
657 2654 741 2711 audet
755 2653 864 2714 reserre.
889 2659 976 2734 impe·

372 2755 451 2797 trata
465 2738 573 2810 senatu,
584 2754 616 2796 ut
630 2738 689 2796 dies
704 2736 753 2796 fibi
767 2754 978 2817 prorogaretur,

372 2822 448 2903 quod
459 2823 566 2881 tabulas
582 2824 641 2881 suas
649 2824 684 2880 ab
695 2820 897 2883 occulitoribus
914 2832 974 2884 Do·

370 2907 485 2967 lubellae
493 2906 650 2983 obsignatur
658 2907 772 2967 diceret:
782 2908 897 2988 perinde
905 2929 974 2988 qua·

370 2991 391 3051 si
410 2992 581 3052 exscribendi
597 2992 756 3072 potestatem
774 3014 833 3053 non
849 2997 972 3053 haberet.

370 3076 444 3139 solus
460 3078 497 3137 est
508 3080 564 3152 hic,
580 3081 629 3158 qui
644 3098 788 3157 nunquam
804 3079 926 3138 rationes
938 3079 973 3140 ad

328 3188 355 3230 39
369 3168 502 3225 aerarium
511 3163 620 3224 referat.
688 3161 808 3225 Audisti'r
823 3164 971 3245 quaestori·

368 3272 413 3311 am
428 3255 563 3312 rationem
580 3254 668 3311 tribur
686 3249 824 3311 versrculia
841 3252 974 3311 relatama

362 3337 514 3418 legationis
524 3360 601 3420 non,
608 3336 664 3402 uisu
670 3337 877 3403 condatum
882 3335 1000 3402 exiuta-
