2750 4267
497 1041 628 1100 uuor.
654 1037 869 1110 ourrutro.
971 1053 1007 1114 ῃ

396 1143 496 1225 nisque
511 1140 625 1203 tabelias
641 1140 855 1220 obfignuverunt
869 1141 924 1200 viri
936 1143 1006 1202 boni

397 1231 566 1310 complures.
592 1250 637 1288 res
653 1231 683 1287 in
702 1227 816 1286 dubium
830 1229 926 1287 venire
943 1249 1006 1290 non

398 1316 499 1399 potest.
521 1316 566 1389 fit,
580 1317 662 1374 rebus
673 1315 939 1391 omnibusintegris,
955 1335 1004 1374 ne·

398 1424 454 1483 que
462 1400 633 1481 proscriptis,
646 1421 736 1479 neque
744 1397 962 1480 poiseffisbonis,
973 1417 1006 1462 ut

400 1489 698 1566 Alphenuspromittut
715 1483 879 1545 Naeviofisti
891 1490 1006 1562 Quinti·

403 1594 464 1632 um.
477 1573 594 1631 venitad
603 1574 789 1632 vadimonium
803 1574 947 1646 Quintius.
956 1574 1003 1651 js·

404 1674 451 1718 cet
460 1678 503 1716 res
516 1660 544 1716 in
557 1658 759 1733 controverfiis,
775 1657 1004 1718 istocalumniuu·

401 1761 440 1820 te,
463 1746 613 1819 biennium,
636 1744 799 1823 usquedum
815 1745 1000 1821 inveniretur,

399 1852 456 1911 qun
476 1835 585 1892 ratione
596 1852 640 1891 res
652 1834 686 1889 sb
698 1829 793 1889 ufitata
804 1828 1006 1892 consuetudine

398 1918 548 1992 recederet,
564 1935 592 1976 et
607 1920 637 1976 in
656 1921 711 1977 hoc
723 1915 856 1994 singulare
868 1917 1004 1994 judicium

342 2053 345 2061 .
399 2002 807 2064 caufuomnisconcluderetun
832 2003 1004 2081 quodoffici-

399 2110 459 2162 um,
476 2098 511 2150 C.
525 2091 631 2169 Aquili,
646 2092 857 2150 commemorari
871 2110 1004 2168 procura·

400 2179 471 2235 toris
484 2177 582 2255 potest,
599 2176 674 2256 quod
686 2179 720 2235 ab
730 2177 859 2254 Alpheno
872 2178 1004 2254 praeteri·

399 2278 460 2322 tum
477 2261 530 2321 effe
546 2263 690 2323 videatur?
706 2262 772 2341 quid
785 2260 909 2332 affertur,
920 2282 1006 2339 quare

402 2356 435 2407 P.
456 2351 588 2423 Quintius
601 2346 696 2409 absens
709 2362 824 2425 negetur
841 2345 892 2405 effe
910 2346 1005 2408 defen-

401 2432 461 2493 sus?
474 2456 507 2493 un
517 2456 584 2495 vero
594 2435 634 2509 id,
649 2435 726 2514 quod
738 2432 926 2508 Hortenfium,
938 2437 1004 2513 quiu

399 2524 605 2601 nuperinjecit,
616 2537 644 2579 et
655 2523 720 2600 quia
732 2524 853 2579 Naevius
862 2520 965 2601 semper
976 2521 1005 2580 id

398 2608 534 2683 clamitat,
553 2608 687 2667 dicturum
706 2610 836 2681 arbitror,
855 2629 913 2666 non
929 2606 1005 2666 fuiffe

399 2699 509 2753 Naevio
521 2715 612 2774 parem
630 2696 809 2754 certationem
826 2715 886 2752 cum
899 2694 1004 2771 Alphe·

399 2801 451 2854 no,
473 2781 523 2838 illo
541 2797 682 2860 tempore,
702 2780 757 2837 illis
773 2779 1002 2837 dominantibus?

399 2866 477 2945 quod
492 2865 605 2925 fivelim
622 2865 766 2926 confiteri:
788 2862 871 2936 illud,
890 2865 1004 2941 opinor,

400 2952 567 3026 concedent,
581 2975 640 3011 non
649 2967 855 3030 procuratorem
868 2957 898 3007 P.
914 2950 1003 3023 Quin·

400 3041 432 3098 tii
448 3042 587 3097 neminem
603 3038 691 3112 fuisse,
704 3037 749 3096 sed
760 3034 908 3113 gratiosum
917 3034 1003 3097 fuiffe.

397 3129 466 3186 mihi
474 3141 565 3185 nutem
577 3125 612 3185 ad
620 3123 787 3185 vincendum
799 3121 862 3182 satis
870 3122 917 3198 est,
925 3122 1003 3183 fuiffe

399 3229 621 3292 procuratorem,
633 3213 759 3289 qui-cum
772 3212 893 3293 expetiti
904 3209 1008 3293 poiiet.

398 3298 619 3375 quuiisisfirerjt‚
635 3297 754 3363 fimodo
767 3299 1027 3367 abientcmbeieu-

385 3381 467 3442 ΜΨ
480 3403 538 3463 Per
544 3386 599 3465 1¹¹8
617 3404 646 3453 et
664 3392 890 3484 magistratum,
912 3385 1041 3462 tiburi
