2750 4267
529 990 825 1056 n1v1NAT10.
917 994 974 1057 181

368 1089 473 1174 vjusque
484 1094 628 1173 temporis,
646 1090 827 1165 valetudinis,
842 1088 977 1153 facultatis

377 1179 414 1250 gd
429 1178 575 1256 agendum,
589 1178 670 1237 du&
684 1179 758 1236 ratio
774 1176 821 1237 est.
852 1198 912 1237 mea
923 1179 979 1238 fuit

376 1264 651 1346 smperhaecinhac
659 1284 689 1322 re
697 1262 979 1324 voluntasetsenten·

378 1354 429 1422 tia,
448 1353 575 1429 quemvis
591 1365 623 1409 ut
634 1353 688 1409 hoc
703 1347 810 1408 mallem
820 1348 854 1407 de
869 1350 914 1424 iis,
931 1352 980 1429 qui

378 1435 464 1497 effent
472 1436 578 1510 idonei,
586 1434 730 1513 suscipent,
739 1455 821 1513 quam
829 1456 887 1494 me:
898 1457 941 1495 me
949 1451 981 1495 ut

349 1521 502 1594 smallem,
520 1541 604 1599 quam
618 1523 768 1580 neminem.
835 1521 985 1601 Reliquum

380 1604 420 1667 est
433 1607 504 1683 jam,
523 1620 555 1665 ut
569 1606 637 1665 illud
655 1626 828 1684 quaeramus,
843 1628 905 1666 cum
926 1612 980 1667 hoc

381 1690 794 1771 constet,8icnlosamepetiffe,
802 1692 901 1769 ecquid
909 1696 982 1753 hane

382 1799 440 1840 rem
455 1778 528 1858 apud
543 1798 607 1852 vos,
622 1776 783 1857 animosque
794 1776 897 1838 vestros
906 1779 981 1839 vale·

381 1865 982 1944 reoporteamecquidaucloritatisapudvos
1028 1875 1032 1882 '

383 1952 412 2010 in
426 1948 474 2010 suo
490 1951 553 2027 jure
566 1948 719 2029 repetundo
736 1948 802 2008 socii
817 1951 913 2030 populi
925 1958 982 2012 Ro·

383 2037 471 2110 mani,
492 2034 625 2115 supplices
639 2034 732 2110 vestri,
747 2036 843 2094 habere
854 2036 981 2102 debeant.

384 2120 491 2199 dequo
506 2121 573 2199 quid
590 2142 644 2199 ego
663 2121 743 2200 plura
754 2125 981 2183 commemorem?

384 2206 459 2288 quafi
473 2228 540 2267 vero
551 2208 665 2267 dubium
676 2206 720 2281 fit,
732 2207 801 2285 quin
818 2221 876 2266 tota
891 2207 937 2266 lex
948 2207 983 2269 de

383 2295 506 2372 pecuniis
518 2293 677 2373 repetundis
685 2292 822 2351 sociorum
829 2291 907 2352 causa
914 2314 983 2354 con.-

384 2377 476 2438 stituta
482 2377 525 2440 fit.
537 2401 602 2440 nam
610 2381 719 2440 civibus
727 2399 790 2441 cum
805 2377 985 2461 suntcreptm

384 2466 526 2544 pecuniae,
544 2465 621 2527 civili
628 2464 684 2525 fere
695 2467 813 2540 amionm,
835 2482 863 2524 et
873 2468 985 2545 privato

380 2551 443 2628 jure
451 2556 691 2630 repetuntur.haec
699 2553 745 2612 lex
752 2550 857 2610 socialis
865 2551 917 2612 est:
930 2556 985 2615 hoc

379 2637 428 2714 jus
446 2639 592 2696 nationum
611 2652 768 2696 exterarum
783 2636 836 2696 estz
853 2640 924 2695 hanc
936 2640 986 2696 ha·

383 2724 452 2781 bent
467 2741 557 2779 arcem
575 2723 667 2778 minus
682 2720 825 2797 aliquanto
836 2741 911 2780 nunc
922 2723 988 2798 qui-

386 2806 989 2883 demmunitam‚quamanteazveruntamem

386 2887 407 2948 fi
418 2910 474 2968 qua
489 2888 593 2966 reliqua
601 2886 659 2967 spes
669 2888 717 2964 est,
733 2908 803 2969 quae
810 2887 946 2950 sociorum
957 2910 988 2950 a·

386 2977 481 3036 nimos
487 2972 625 3034 ¹consolari
639 2975 729 3054 poffit,
743 2996 775 3034 ea
784 2989 843 3034 tota
852 2976 882 3033 in
891 2974 990 3035 hacle-

387 3084 421 3141 ge
429 3059 559 3141 pofitaest
567 3083 574 3118 :
583 3061 662 3138 cujus
669 3061 806 3139 leg'isnon
817 3059 903 3120 modo
911 3082 927 3119 a
934 3083 990 3142 ρο·Ι

387 3149 454 3229 pulo
467 3156 606 3222 Roman0,
623 3145 667 3206 sed
676 3150 760 3208 etiam
776 3151 809 3208 ab
820 3147 924 3207 ultimis
937 3170 992 3212 nas

388 3236 511 3297 tionibus
526 3234 691 3315 jampridem
710 3233 799 3297 sevet'x
808 3233 939 3295 mmmmm
951 3255 1004 3295 m-

382 3322 543 3403 quitantur,
569 3325 637 3410 quis
647 3325 737 3412 igitur
751 3322 811 3407 est,
819 3324 1040 3411 omfmegssxm
