2750 4267
533 997 619 1052 nuo
637 996 670 1051 1³.
689 993 903 1066 qurumo.
985 1011 1023 1069 ας

412 1099 493 1160 tuuis
500 1098 636 1158 omnibus
648 1101 680 1156 Ρ.
695 1093 1023 1172 Quintiusdeturbandnt

412 1184 469 1246 elle
481 1200 625 1265 potentes,
637 1181 740 1258 diserti,
752 1182 964 1246 nobiletomnes
972 1187 1022 1248 td·

413 1272 536 1332 vocandi
544 1269 625 1330 sunt:
636 1269 792 1329 adhibenda
797 1272 841 1329 vis
848 1269 887 1330 est
894 1273 1021 1334 veritatit

414 1359 672 1433 minaejanenmrz
688 1356 809 1436 pericula
823 1358 1021 1420 intendanturt

416 1442 583 1504 formidines
594 1458 785 1522 opponantur,
797 1458 828 1501 ut
839 1444 873 1502 iis
882 1445 963 1504 rebus
971 1446 1022 1504 ali·

417 1527 536 1608 quando
549 1531 637 1587 vitius
650 1544 679 1588 et
689 1530 848 1608 perterritus
863 1529 919 1609 ipse
929 1529 1020 1592 cedet.

421 1634 493 1693 quae
499 1614 649 1674 mehercule
658 1616 765 1690 omnia,
776 1636 851 1689 cum,
862 1618 911 1693 qui
922 1631 1022 1676 eontra

418 1717 557 1780 pugnent,
569 1701 660 1775 video,
670 1716 773 1761 etcum
783 1700 862 1758 illum
873 1699 1023 1763 consessum

417 1786 572 1864 considero,
587 1786 686 1863 adesse,
701 1802 786 1866 atque
805 1787 961 1867 impendere
978 1791 1023 1850 vi·

417 1873 535 1950 dentur,
555 1895 647 1952 neque
661 1876 745 1934 vitari
759 1873 818 1932 ullo
834 1873 918 1933 modo
933 1874 1019 1956 polle.

420 1982 482 2020 curn
490 1977 583 2020 autem
592 1959 627 2018 ad
636 1974 674 2035 te,
686 1967 720 2021 C.
733 1960 839 2040 Aquili,
851 1961 948 2021 oculos
960 1963 1021 2021 ani·

421 2068 552 2127 mumque
563 2046 661 2118 retuli3
675 2068 733 2127 quo
740 2049 844 2124 majore
855 2064 958 2106 conatu
965 2047 1021 2108 stu·

421 2134 524 2212 dinque
535 2149 664 2209 aguntur,
680 2154 715 2192 eo
728 2133 844 2207 leviora,
857 2133 1022 2193 infirmiora·

421 2240 476 2298 que
486 2217 621 2280 existimo.
646 2219 716 2279 nihil
731 2221 814 2296 igitur
826 2219 932 2292 debuit,
947 2234 978 2277 ut
990 2235 1022 2279 tu

420 2305 476 2385 ipse
488 2305 637 2384 praedicat.
656 2304 760 2385 ¹quidsi
775 2303 918 2364 debuisset?
932 2307 1024 2366 conti·

421 2389 1022 2473 nuonecnusasuillet,curaprnetorepostu·

420 2478 503 2555 lares,
515 2496 546 2538 ut
554 2480 629 2538 bona
637 2479 799 2558 possideres?
817 2500 876 2537 non
885 2482 987 2560 opinor
994 2479 1024 2540 id

419 2566 532 2645 quidem
549 2586 640 2644 neque
653 2567 701 2642 jus
712 2564 775 2639 esse,
790 2585 880 2644 neque
893 2569 1024 2645 cuiquam

417 2653 562 2732 expedire.
580 2651 647 2729 quid
657 2651 931 2729 igiturdemonstrat?
945 2653 1024 2712 vadi·

382 2757 407 2803 15
419 2742 546 2798 monium
561 2736 610 2797 sibi
624 2741 662 2798 ait
680 2737 732 2797 else
751 2736 894 2797 desertum.
962 2745 1023 2796 An·

419 2838 531 2904 tequam
544 2825 644 2898 doceo,
657 2824 684 2883 id
696 2823 796 2883 sallum
812 2823 944 2896 nonest,
957 2823 1025 2882 libet

417 2914 498 2986 mihi,
514 2918 549 2970 C.
561 2911 668 2989 Aquili,
676 2932 711 2969 ex
719 2911 930 2984 officiiratione,
941 2925 1025 2988 atque

417 3019 454 3058 ex
465 2999 594 3058 omnium
607 2996 805 3058 consuetudine
820 3017 876 3054 rem
888 2994 984 3075 ipsam,
995 3012 1024 3057 et

418 3085 520 3145 sudium
530 3083 607 3144 smul
615 3092 678 3143 Sex.
689 3085 788 3142 Naevii
796 3080 974 3144 considerare.
987 3084 1024 3144 nd

419 3173 614 3232 vadimonium
622 3192 681 3230 non
690 3171 1024 3252 venerat,utais,is,qui·

420 3280 482 3318 cum
496 3259 547 3318 tibi
555 3256 682 3327 affinitas,
695 3254 823 3336 societas,
835 3282 940 3324 omnes
956 3261 1041 3324 dum-

415 3361 466 3413 que
478 3339 574 3398 causae
586 3356 616 3400 et
625 3345 847 3416 necessitudines
868 3355 1057 3420 vetetet'ttt·

532 3432 552 3467 ⁴¹
718 3441 741 3496 B
