2750 4267
464 1007 882 1067 ACT10N1811.L113.1.
926 1008 978 1070 261

381 1110 624 1186 Dionidcdcrunt,
635 1110 758 1171 dicerent
769 1107 858 1188 sejam
866 1125 924 1169 tum
932 1131 982 1171 ιιι·

383 1194 983 1275 diffe,eonummossumi,utverridarenmn

385 1307 449 1347 cum
460 1286 553 1356 amici,
561 1281 693 1363 hospites,
701 1284 811 1363 patroni
819 1283 986 1357 Dionia,ho·

385 1367 664 1442 mineahonestiffimi,
681 1366 988 1430 haeceademseaudissc

387 1458 524 1517 dicerent.
540 1457 653 1532 opinor,
664 1474 726 1513 cum
734 1454 916 1530 haecfierent,
928 1470 991 1515 tum

389 1560 443 1603 voa
451 1539 592 1612 audiretis,
609 1538 676 1597 sicut
692 1537 817 1598 audistis:
836 1556 895 1599 tum
910 1538 990 1601 causa

391 1624 593 1705 agivideretor.
615 1622 675 1682 sica
687 1642 731 1682 me
747 1621 809 1682 sunt
824 1630 883 1684 acta
896 1629 992 1685 ornnia

391 1714 485 1794 priore
503 1711 621 1781 actione,
642 1725 674 1768 ut
684 1712 714 1768 in
726 1710 888 1770 criminibus
899 1712 992 1771 omni·

392 1802 444 1859 bus
457 1796 564 1857 nullum
576 1794 649 1871 esset,
664 1798 694 1855 in
706 1815 764 1875 quo
776 1795 917 1877 quisquam
932 1794 993 1858 ves·

394 1888 468 1945 trima
487 1898 644 1965 perpetuam
656 1881 857 1943 accusationem
872 1886 995 1964 require·

395 1985 449 2030 ret.
471 1989 544 2046 nego
555 1988 607 2045 ego
624 1968 675 2027 esse
689 1968 841 2049 quidquam
856 1991 872 2029 a
884 1970 995 2031 testibus

397 2057 509 2132 dicrum,
524 2055 600 2133 quod
612 2070 659 2112 aut
672 2054 791 2114 vestritm
806 2058 923 2136 cuipiam
931 2056 997 2118 esset

398 2141 553 2215 obscurum,
573 2156 620 2199 aut
631 2138 789 2219 cujusquam
804 2144 923 2200 oratoria
938 2143 998 2202 elo·

367 2230 544 2308 ¹¹quentiam
554 2241 707 2306 quaereret.
739 2228 850 2285 Etenim
859 2226 894 2286 stc
902 2248 946 2286 me
955 2230 999 2308 ip·

401 2312 458 2373 sum
466 2312 545 2391 egisse
552 2314 684 2372 memoria
692 2313 802 2387 tenetis,
810 2314 878 2372 utin
889 2312 999 2374 testibus

402 2400 605 2479 interrogandis
621 2400 716 2458 omnia
734 2400 849 2458 crimina
860 2420 1000 2480 propone·

403 2507 472 2560 rem,
487 2503 514 2545 et
522 2485 700 2564 explicarem:
712 2499 755 2561 ut,
769 2506 831 2545 cum
843 2507 900 2545 rem
912 2501 1001 2546 totam

398 2576 433 2633 in
442 2572 532 2631 medio
540 2569 745 2652 proposuissem,
754 2587 812 2630 tum
821 2572 940 2649 denique
948 2570 1000 2631 tes·

391 2675 460 2740 *tem
469 2659 770 2734 interrogaremitaque
778 2677 837 2715 non
846 2657 930 2714 modo
938 2676 1003 2731 vot,

407 2744 507 2822 quibus
522 2741 759 2818 dijudicandum,
781 2740 874 2801 nostra
887 2743 1004 2801 crituina

409 2827 524 2887 tenetis:
537 2824 581 2885 sed
589 2829 670 2888 etiam
678 2827 796 2908 populus
806 2833 947 2885 Romanus
957 2842 1002 2886 to·

401 2930 465 2974 tam
474 2909 682 2987 accusationem,
691 2910 851 2992 causamque
859 2917 1004 2989 cognovit.

410 2998 511 3058 tametsi
519 3000 557 3056 ita
564 2999 597 3057 de
605 3020 667 3057 meo
675 3000 746 3058 facio
754 2999 865 3077 loquor,
871 2997 945 3076 quafi
953 3019 1006 3077 ego

408 3084 477 3147 illud
488 3104 547 3144 mea
554 3085 699 3144 voluntate
707 3086 811 3165 potios,
827 3103 906 3163 quam
918 3084 1007 3146 vestra

407 3173 511 3250 injuria
521 3171 650 3230 adductus
667 3169 788 3230 fecerim.
811 3168 1007 3250 interposuistis

408 3256 606 3333 accusatorem,
619 3257 684 3336 qui,
697 3275 826 3331 cumego
835 3259 914 3311 mnia
923 3274 946 3307 o.
954 3270 1028 3305 wa.

400 3345 464 3408 dies
480 3343 560 3409 scios
577 3342 757 3412 inS‘rc'tsnm
769 3332 974 3419 nouum
984 3340 1028 3375 c·
