2750 4267
428 963 888 1041 QuosclocoMoEDO.
918 959 994 1041 167'

368 1084 400 1130 ut
411 1053 570 1142 meummr,
585 1063 843 1146 iuducerepoffums
859 1073 972 1153 utpejea

371 1173 424 1232 ret,
439 1175 555 1216 exorare
562 1152 641 1214 facile
649 1168 759 1233 potero.
783 1174 859 1229 nam,
876 1161 923 1236 qui
931 1157 971 1219 [ε’.

370 1242 451 1304 mela
468 1244 585 1302 veritae
599 1238 722 1313 deflexit,
736 1241 853 1300 hicnon
868 1244 974 1321 majore

371 1326 551 1405 religionead
560 1325 720 1405 perjurium,
731 1344 813 1404 quam
822 1326 855 1387 ad
862 1331 975 1389 menda.

372 1415 447 1474 cium
457 1412 569 1491 perduci
584 1406 737 1471 consuevit.
760 1412 823 1490 quis
840 1417 913 1473 enim
926 1416 974 1476 de·

374 1495 666 1579 procationedeorum,
680 1515 741 1554 non
754 1495 973 1561 conscientiaeiia

375 1584 411 1644 de
422 1580 627 1642 commovetur?
635 1596 791 1661 propterea,
806 1602 875 1662 quae
882 1607 975 1665 poena

375 1670 412 1729 ab
425 1669 479 1728 diis
494 1666 694 1728 immortalibus
710 1667 832 1747 perjuro,
849 1673 915 1730 haec
929 1694 975 1732 ea·

373 1755 435 1815 dem
443 1754 569 1814 mendaci
576 1751 724 1813 constituta
731 1752 779 1813 est.
791 1758 932 1817 nonenim
940 1778 978 1821 ex

373 1844 501 1923 pastione
507 1841 668 1913 verborum,
675 1840 976 1919 quibusjusjurandum

374 1925 629 2007 comprehenditur,
644 1924 687 1983 sed
695 1944 732 1983 ex
741 1924 887 2006 perfidiuet
898 1930 976 1990 mali·

375 2016 426 2086 tia,
441 2031 582 2092 perquam
601 2008 713 2072 infidiae
724 2012 875 2072 tenduntur
885 2014 979 2093 alicui,

374 2099 415 2159 dii
430 2096 598 2158 immortales
608 2098 768 2155 hominibus
786 2095 862 2156 irasci
874 2115 902 2158 et
917 2100 977 2161 suc·

374 2183 484 2246 censere
499 2181 676 2243 consuerunt.
700 2197 728 2240 at
742 2203 793 2259 ego
804 2185 976 2247 hocexcon⁴

375 2272 463 2330 uario
474 2269 628 2330 contendo.
651 2268 740 2327 levior
754 2265 818 2327 esset
828 2274 978 2333 auctoritas

378 2356 483 2430 Cluvii,
506 2352 644 2415 {idiceret
658 2355 780 2432 juratus,
803 2376 885 2435 quam
901 2379 978 2421 nuno

375 2441 425 2517 est,
440 2462 504 2501 cum
514 2441 581 2502 dicit
591 2441 742 2519 injuratos.
765 2457 824 2502 tum
838 2445 911 2503 enim
918 2443 978 2505 for·

376 2526 446 2587 firau
454 2530 586 2607 improbis
599 2528 681 2586 nimis
698 2528 811 2606 cupidus
828 2530 979 2608 videretur,

376 2616 437 2694 qui,
452 2633 508 2693 qua
522 2613 556 2673 de
564 2634 593 2672 re
604 2612 692 2690 judex
700 2611 797 2689 fuisset,
812 2614 886 2673 testis
901 2616 981 2677 effeta

378 2719 454 2759 nuuc
466 2701 595 2759 omnibus
606 2699 726 2756 inimicis
737 2697 883 2757 necess'eest
891 2699 979 2760 castis·

376 2783 460 2845 fimus
475 2800 504 2843 et
522 2783 747 2845 constantiffimus
767 2782 817 2841 effe
835 2783 976 2861 videatur,

378 2873 428 2949 qui
441 2870 481 2945 id,
494 2870 571 2949 quod
580 2870 640 2944 scit,
650 2867 827 2927 familiaribus
840 2868 893 2927 suis
901 2869 979 2931 dicit.

378 2957 424 3016 dic
439 2978 527 3030 nunc,
546 2954 669 3035 fipotes,
684 2953 704 3011 fi
720 2974 774 3027 res,
789 2952 808 3011 fi
823 2951 981 3033 causapati·

378 3058 436 3117 tur,
452 3042 582 3100 Cluvium
597 3040 649 3101 effe
667 3040 824 3098 mentitum.
848 3042 983 3100 mentitus

377 3126 554 3187 estCluvius?
571 3125 627 3206 ipsa
634 3126 701 3184 mihi
709 3126 809 3183 veritas
818 3146 927 3185 manum
936 3129 983 3187 in·

375 3213 457 3291 jecit,
465 3228 493 3271 et
499 3210 634 3292 paulisper
641 3208 784 3271 confluere
790 3226 820 3271 et
827 3232 993 3273 commora-

369 3298 399 3353 ri
406 3300 492 3373 cogit.
507 3297 646 3364 undehoc
655 3314 754 3363 totum
765 3299 1007 3366 duerumszoou·
