2750 4267
531 1001 845 1064 mmmmm
959 1015 996 1078 9⁹

390 1124 432 1170 tas
446 1107 634 1189 permittiturt
646 1103 726 1163 anab
737 1103 784 1176 iis,
799 1103 846 1182 qui
860 1101 994 1181 quaestio-

389 1217 453 1255 nem
468 1194 601 1272 fugitant,
615 1193 692 1249 bona
706 1188 852 1267 poffident,
867 1191 896 1249 in
913 1191 994 1252 caede

388 1276 734 1363 atqueexcaedevivunt?
750 1278 856 1351 omnia,
872 1277 993 1355 Judicet,

389 1369 419 1428 in
427 1372 479 1427 hac
486 1364 564 1426 causa
576 1363 641 1422 sunt
648 1358 754 1436 misera,
769 1377 852 1441 atque
860 1363 992 1442 indignat

386 1468 481 1513 tamen
495 1454 550 1510 hoc
564 1448 634 1507 nihil
645 1467 736 1526 neque
751 1449 885 1523 acerbius,
901 1471 992 1531 neque

387 1539 516 1615 iniquius
528 1534 644 1614 profeni
662 1532 764 1612 potestz
787 1537 887 1595 mortis
899 1554 991 1615 pater·

388 1643 442 1682 nae
452 1621 487 1681 de
495 1618 580 1679 servis
588 1620 709 1699 paternis
716 1618 902 1698 quaestionem
911 1626 992 1685 habe·

387 1729 417 1769 re
428 1708 487 1769 filio
498 1728 558 1766 non
570 1706 649 1765 licet:
664 1726 700 1764 ne
708 1705 810 1764 tamdiu
820 1707 930 1785 quidem
938 1709 990 1770 do·

385 1798 482 1856 minus
494 1796 584 1853 eritin
597 1791 670 1866 suos,
686 1792 752 1852 dum
764 1813 801 1851 ex
812 1794 845 1851 iis
859 1793 893 1852 de
904 1799 990 1872 patris

384 1898 475 1944 morte
483 1879 766 1959 quaeratur.veniam,
775 1898 864 1958 neque
873 1881 911 1939 ita
918 1881 990 1942 mul·

385 1966 494 2047 most,
509 1966 544 2025 ad
552 1963 738 2025 hunclocum.
762 1968 888 2025 namhoc
897 1983 989 2030 totum

384 2051 420 2112 ad
429 2050 541 2112 Roscios
553 2053 688 2131 pertinet:
705 2050 739 2110 de
745 2071 864 2131 quorum
876 2055 990 2116 audacia

386 2153 445 2199 tum
453 2137 640 2196 medisturum
649 2136 789 2215 pollicitus
798 2136 867 2212 sum,
879 2160 941 2198 cum
951 2148 990 2200 E·

347 2213 728 2286 ²⁹ruciicriminadi1uiffem.
785 2230 878 2297 Nunc,
891 2228 987 2302 Eruci,

381 2312 416 2371 ad
430 2327 459 2371 te
469 2313 564 2370 venio.
587 2310 738 2370 conveniat
749 2309 816 2369 mihi
832 2323 921 2369 tecum
938 2333 987 2371 ne·

383 2395 451 2456 cesse
461 2393 509 2470 est,
524 2394 583 2456 fiad
595 2394 986 2476 huncmaleficiumistudper·

381 2485 464 2557 tinet,
476 2497 523 2541 aut
531 2483 618 2562 ipsum
627 2481 672 2541 sua
680 2502 763 2539 manu
772 2479 901 2557 feciffe,id
909 2485 985 2563 quod

381 2589 466 2647 negas
477 2590 488 2628 ε
503 2584 551 2627 aut
559 2589 608 2647 per
619 2567 728 2646 aliquos
740 2567 853 2643 liberos,
869 2586 916 2628 aut
927 2570 984 2630 ser·

381 2676 444 2715 vos.
469 2651 620 2713 liberosne?
633 2659 984 2732 quosnequeutconveni·

381 2762 410 2800 re
419 2743 554 2821 potuerit,
563 2760 653 2817 neque
661 2760 717 2816 qua
726 2740 983 2816 rationeinducere,

380 2846 469 2906 neque
480 2828 541 2898 ubi,
556 2845 645 2902 neque
660 2846 710 2904 per
724 2844 809 2902 quos,
824 2844 914 2902 neque
928 2847 983 2904 qua

379 2910 434 2992 spe,
449 2927 496 2971 aut
504 2931 562 2990 quo
572 2912 672 2989 pretio,
688 2926 768 2989 potes
776 2909 927 2971 ostendere.
952 2933 981 2972 e·

378 3019 415 3077 go
423 3014 527 3057 contra
542 2995 667 3072 ostendo,
683 3017 742 3055 non
756 2994 840 3054 modo
853 2997 921 3054 nihil
933 3018 981 3057 eo·

378 3103 440 3143 rum
455 3079 545 3142 fecisse
560 3090 622 3141 Sex.
638 3081 779 3155 Roscium,
795 3079 839 3138 sed
852 3103 887 3139 ne
898 3099 981 3163 potu·

377 3168 423 3229 isse
431 3168 544 3247 quidem
558 3165 660 3226 facere:
677 3168 754 3246 quod
772 3186 862 3246 neque
877 3176 982 3233 Romae

378 3256 471 3314 multis
481 3254 563 3313 annis
570 3252 761 3337 fucrit,neque
768 3253 804 3317 de
810 3254 1005 3339 ptaeQ'x'xwxx·

371 3358 450 3416 quam
463 3355 567 3403 temere
582 3340 753 3410 discesserit.
781 3344 892 3411 teffikm
901 3343 1026 3406 iffiw‘x·

653 3440 684 3498 E
715 3458 733 3503 α
1024 3449 1029 3456 ’
