<?xml version="1.0" encoding="UTF-8"?>
<!DOCTYPE html PUBLIC "-//W3C//DTD XHTML 1.0 Transitional//EN"
    "http://www.w3.org/TR/xhtml1/DTD/xhtml1-transitional.dtd">
<html xmlns="http://www.w3.org/1999/xhtml" xml:lang="en" lang="en">
 <head>
  <title>
</title>
<meta http-equiv="Content-Type" content="text/html;charset=utf-8" />
  <meta name='ocr-system' content='tesseract 3.04.00' />
  <meta name='ocr-capabilities' content='ocr_page ocr_carea ocr_par ocr_line ocrx_word'/>
</head>
<body>
  <div class='ocr_page' id='page_1' title='image "./mtulliiciceroni23cicegoog_0069.png"; bbox 0 0 2750 4267; ppageno 0'>
   <div class='ocr_carea' id='block_1_1' title="bbox 486 1031 978 1104">
    <p class='ocr_par' dir='ltr' id='par_1_1' title="bbox 486 1031 978 1104">
     <span class='ocr_line' id='line_1_1' title="bbox 486 1031 978 1104; baseline -0.024 -12"><span class='ocrx_word' id='word_1_1' title='bbox 486 1033 618 1092; x_wconf 79' lang='lat' dir='ltr'>uuor.</span> <span class='ocrx_word' id='word_1_2' title='bbox 639 1031 853 1103; x_wconf 72' lang='lat' dir='ltr'>Qurttrw.</span> <span class='ocrx_word' id='word_1_3' title='bbox 943 1044 978 1104; x_wconf 84' lang='lat'>53</span> 
     </span>
    </p>
   </div>
   <div class='ocr_carea' id='block_1_2' title="bbox 360 1132 993 3367">
    <p class='ocr_par' dir='ltr' id='par_1_2' title="bbox 360 1132 993 3367">
     <span class='ocr_line' id='line_1_2' title="bbox 373 1132 980 1212; baseline -0.018 -12"><span class='ocrx_word' id='word_1_4' title='bbox 373 1136 532 1201; x_wconf 84' lang='lat' dir='ltr'><strong>contendit.</strong></span> <span class='ocrx_word' id='word_1_5' title='bbox 556 1153 656 1195; x_wconf 81' lang='lat' dir='ltr'>omnes</span> <span class='ocrx_word' id='word_1_6' title='bbox 668 1147 729 1192; x_wconf 80' lang='lat' dir='ltr'>tuas</span> <span class='ocrx_word' id='word_1_7' title='bbox 744 1146 828 1206; x_wconf 79' lang='lat' dir='ltr'>atter,</span> <span class='ocrx_word' id='word_1_8' title='bbox 839 1132 939 1212; x_wconf 81' lang='lat' dir='ltr'>quibus</span> <span class='ocrx_word' id='word_1_9' title='bbox 948 1145 980 1189; x_wconf 90' lang='lat' dir='ltr'>tu</span> 
     </span>
     <span class='ocr_line' id='line_1_3' title="bbox 360 1216 981 1303; baseline -0.018 -17"><span class='ocrx_word' id='word_1_10' title='bbox 360 1244 494 1303; x_wconf 80' lang='lat' dir='ltr'>magunt</span> <span class='ocrx_word' id='word_1_11' title='bbox 501 1243 544 1297; x_wconf 80' lang='lat' dir='ltr'>es,</span> <span class='ocrx_word' id='word_1_12' title='bbox 552 1221 604 1281; x_wconf 89' lang='lat' dir='ltr'>tibi</span> <span class='ocrx_word' id='word_1_13' title='bbox 612 1218 751 1280; x_wconf 87' lang='lat' dir='ltr'>concedit.</span> <span class='ocrx_word' id='word_1_14' title='bbox 764 1218 876 1292; x_wconf 83' lang='lat' dir='ltr'>sutetur,</span> <span class='ocrx_word' id='word_1_15' title='bbox 885 1216 981 1276; x_wconf 87' lang='lat' dir='ltr'>senon</span> 
     </span>
     <span class='ocr_line' id='line_1_4' title="bbox 374 1303 981 1382; baseline -0.018 -10"><span class='ocrx_word' id='word_1_16' title='bbox 374 1311 446 1373; x_wconf 73' lang='lat' dir='ltr'>belle</span> <span class='ocrx_word' id='word_1_17' title='bbox 462 1308 565 1382; x_wconf 81' lang='lat' dir='ltr'>dicere,</span> <span class='ocrx_word' id='word_1_18' title='bbox 583 1325 643 1365; x_wconf 90' lang='lat' dir='ltr'>non</span> <span class='ocrx_word' id='word_1_19' title='bbox 659 1305 695 1364; x_wconf 87' lang='lat' dir='ltr'>ud</span> <span class='ocrx_word' id='word_1_20' title='bbox 713 1305 886 1364; x_wconf 84' lang='lat' dir='ltr'>voluntatem</span> <span class='ocrx_word' id='word_1_21' title='bbox 901 1303 981 1381; x_wconf 93' lang='lat' dir='ltr'>loqui</span> 
     </span>
     <span class='ocr_line' id='line_1_5' title="bbox 365 1389 979 1477; baseline -0.003 -27"><span class='ocrx_word' id='word_1_22' title='bbox 365 1394 452 1477; x_wconf 78' lang='lat' dir='ltr'>posse</span> <span class='ocrx_word' id='word_1_23' title='bbox 460 1416 470 1452; x_wconf 78' lang='lat' dir='ltr'>t</span> <span class='ocrx_word' id='word_1_24' title='bbox 478 1414 538 1453; x_wconf 87' lang='lat' dir='ltr'>non</span> <span class='ocrx_word' id='word_1_25' title='bbox 549 1391 688 1453; x_wconf 71' lang='lat' dir='ltr'>ubrffliiia</span> <span class='ocrx_word' id='word_1_26' title='bbox 695 1391 813 1450; x_wconf 81' lang='lat' dir='ltr'>amicitia</span> <span class='ocrx_word' id='word_1_27' title='bbox 821 1389 979 1467; x_wconf 76' lang='lat' dir='ltr'>transfuge-</span> 
     </span>
     <span class='ocr_line' id='line_1_6' title="bbox 377 1475 979 1557; baseline -0.007 -17"><span class='ocrx_word' id='word_1_28' title='bbox 377 1502 422 1555; x_wconf 87' lang='lat' dir='ltr'>re,</span> <span class='ocrx_word' id='word_1_29' title='bbox 436 1494 521 1557; x_wconf 87' lang='lat' dir='ltr'>atque</span> <span class='ocrx_word' id='word_1_30' title='bbox 535 1478 571 1537; x_wconf 83' lang='lat' dir='ltr'>ad</span> <span class='ocrx_word' id='word_1_31' title='bbox 584 1479 727 1537; x_wconf 89' lang='lat' dir='ltr'>florentem</span> <span class='ocrx_word' id='word_1_32' title='bbox 741 1475 822 1536; x_wconf 86' lang='lat' dir='ltr'>aliam</span> <span class='ocrx_word' id='word_1_33' title='bbox 833 1476 979 1536; x_wconf 76' lang='lat' dir='ltr'>devolare:</span> 
     </span>
     <span class='ocr_line' id='line_1_7' title="bbox 382 1560 979 1646; baseline -0.008 -21"><span class='ocrx_word' id='word_1_34' title='bbox 382 1584 444 1625; x_wconf 91' lang='lat' dir='ltr'>nou</span> <span class='ocrx_word' id='word_1_35' title='bbox 452 1560 567 1646; x_wconf 83' lang='lat' dir='ltr'>profusit</span> <span class='ocrx_word' id='word_1_36' title='bbox 577 1562 728 1644; x_wconf 81' lang='lat' dir='ltr'><strong>sumptibus</strong></span> <span class='ocrx_word' id='word_1_37' title='bbox 739 1563 849 1623; x_wconf 81' lang='lat' dir='ltr'>virere:</span> <span class='ocrx_word' id='word_1_38' title='bbox 862 1583 922 1622; x_wconf 90' lang='lat' dir='ltr'>uon</span> <span class='ocrx_word' id='word_1_39' title='bbox 930 1581 979 1622; x_wconf 89' lang='lat' dir='ltr'>or·</span> 
     </span>
     <span class='ocr_line' id='line_1_8' title="bbox 371 1646 981 1731; baseline -0.01 -20"><span class='ocrx_word' id='word_1_40' title='bbox 371 1670 450 1711; x_wconf 86' lang='lat' dir='ltr'>-uare</span> <span class='ocrx_word' id='word_1_41' title='bbox 463 1648 616 1727; x_wconf 81' lang='lat' dir='ltr'>magnifice,</span> <span class='ocrx_word' id='word_1_42' title='bbox 636 1646 833 1731; x_wconf 81' lang='lat' dir='ltr'>splendideque</span> <span class='ocrx_word' id='word_1_43' title='bbox 850 1649 981 1709; x_wconf 85' lang='lat' dir='ltr'>convivi·</span> 
     </span>
     <span class='ocr_line' id='line_1_9' title="bbox 380 1731 981 1815; baseline -0.008 -18"><span class='ocrx_word' id='word_1_44' title='bbox 380 1758 445 1797; x_wconf 81' lang='lat' dir='ltr'>utu:</span> <span class='ocrx_word' id='word_1_45' title='bbox 457 1756 516 1796; x_wconf 90' lang='lat' dir='ltr'>nou</span> <span class='ocrx_word' id='word_1_46' title='bbox 528 1737 624 1795; x_wconf 85' lang='lat' dir='ltr'>habere</span> <span class='ocrx_word' id='word_1_47' title='bbox 630 1735 745 1795; x_wconf 87' lang='lat' dir='ltr'>dotnum</span> <span class='ocrx_word' id='word_1_48' title='bbox 751 1731 870 1795; x_wconf 83' lang='lat' dir='ltr'>clausum</span> <span class='ocrx_word' id='word_1_49' title='bbox 878 1732 981 1815; x_wconf 93' lang='lat' dir='ltr'>pudori</span> 
     </span>
     <span class='ocr_line' id='line_1_10' title="bbox 370 1819 980 1899; baseline -0.003 -19"><span class='ocrx_word' id='word_1_50' title='bbox 370 1840 406 1884; x_wconf 89' lang='lat' dir='ltr'>:et</span> <span class='ocrx_word' id='word_1_51' title='bbox 424 1822 630 1895; x_wconf 69' lang='lat' dir='ltr'>sanctimoniae,</span> <span class='ocrx_word' id='word_1_52' title='bbox 647 1835 799 1899; x_wconf 87' lang='lat' dir='ltr'>patentem,</span> <span class='ocrx_word' id='word_1_53' title='bbox 811 1835 894 1899; x_wconf 88' lang='lat' dir='ltr'>atque</span> <span class='ocrx_word' id='word_1_54' title='bbox 910 1819 980 1879; x_wconf 80' lang='lat' dir='ltr'>odeo</span> 
     </span>
     <span class='ocr_line' id='line_1_11' title="bbox 369 1906 981 1991; baseline -0.011 -20"><span class='ocrx_word' id='word_1_55' title='bbox 369 1907 530 1991; x_wconf 77' lang='lat' dir='ltr'>expositam</span> <span class='ocrx_word' id='word_1_56' title='bbox 553 1906 698 1986; x_wconf 74' lang='lat' dir='ltr'>cupiditati</span> <span class='ocrx_word' id='word_1_57' title='bbox 722 1921 750 1966; x_wconf 90' lang='lat' dir='ltr'>et</span> <span class='ocrx_word' id='word_1_58' title='bbox 772 1906 981 1987; x_wconf 82' lang='lat' dir='ltr'>voluptatibus:</span> 
     </span>
     <span class='ocr_line' id='line_1_12' title="bbox 372 1991 985 2072; baseline -0.007 -16"><span class='ocrx_word' id='word_1_59' title='bbox 372 2009 489 2070; x_wconf 70' lang='lat' dir='ltr'>monne,</span> <span class='ocrx_word' id='word_1_60' title='bbox 500 1991 792 2070; x_wconf 80' lang='lat' dir='ltr'>fibioffi&#39;cium,·fidem,</span> <span class='ocrx_word' id='word_1_61' title='bbox 800 1991 985 2072; x_wconf 85' lang='lat' dir='ltr'>diligentium,</span> 
     </span>
     <span class='ocr_line' id='line_1_13' title="bbox 372 2077 985 2160; baseline -0.011 -17"><span class='ocrx_word' id='word_1_62' title='bbox 372 2083 593 2143; x_wconf 75' lang='lat' dir='ltr'>-uitam&#39;omnino</span> <span class='ocrx_word' id='word_1_63' title='bbox 601 2078 704 2160; x_wconf 85' lang='lat' dir='ltr'>semper</span> <span class='ocrx_word' id='word_1_64' title='bbox 715 2077 855 2140; x_wconf 85' lang='lat' dir='ltr'>horridam</span> <span class='ocrx_word' id='word_1_65' title='bbox 863 2094 947 2157; x_wconf 85' lang='lat' dir='ltr'>utque</span> <span class='ocrx_word' id='word_1_66' title='bbox 955 2098 985 2136; x_wconf 84' lang='lat' dir='ltr'>a·</span> 
     </span>
     <span class='ocr_line' id='line_1_14' title="bbox 373 2162 986 2246; baseline 0.003 -24"><span class='ocrx_word' id='word_1_67' title='bbox 373 2166 467 2228; x_wconf 81' lang='lat' dir='ltr'>ridatn</span> <span class='ocrx_word' id='word_1_68' title='bbox 476 2166 551 2227; x_wconf 88' lang='lat' dir='ltr'>cordi</span> <span class='ocrx_word' id='word_1_69' title='bbox 559 2164 647 2226; x_wconf 82' lang='lat' dir='ltr'>foisse.</span> <span class='ocrx_word' id='word_1_70' title='bbox 671 2163 719 2225; x_wconf 84' lang='lat' dir='ltr'>ista</span> <span class='ocrx_word' id='word_1_71' title='bbox 730 2163 869 2246; x_wconf 84' lang='lat' dir='ltr'>superiora</span> <span class='ocrx_word' id='word_1_72' title='bbox 880 2162 942 2238; x_wconf 80' lang='lat' dir='ltr'>esse,</span> <span class='ocrx_word' id='word_1_73' title='bbox 953 2184 986 2225; x_wconf 86' lang='lat' dir='ltr'>ac</span> 
     </span>
     <span class='ocr_line' id='line_1_15' title="bbox 373 2247 987 2336; baseline -0.003 -24"><span class='ocrx_word' id='word_1_74' title='bbox 373 2252 530 2336; x_wconf 86' lang='lat' dir='ltr'>plurimum</span> <span class='ocrx_word' id='word_1_75' title='bbox 538 2250 664 2333; x_wconf 79' lang='lat' dir='ltr'>poiiehir</span> <span class='ocrx_word' id='word_1_76' title='bbox 672 2254 796 2312; x_wconf 84' lang='lat' dir='ltr'>moribur</span> <span class='ocrx_word' id='word_1_77' title='bbox 804 2248 897 2310; x_wconf 88' lang='lat' dir='ltr'>sentit.</span> <span class='ocrx_word' id='word_1_78' title='bbox 917 2247 987 2330; x_wconf 90' lang='lat' dir='ltr'>quid</span> 
     </span>
     <span class='ocr_line' id='line_1_16' title="bbox 373 2336 989 2418; baseline -0.01 -18"><span class='ocrx_word' id='word_1_79' title='bbox 373 2360 449 2418; x_wconf 79' lang='lat' dir='ltr'>ergo</span> <span class='ocrx_word' id='word_1_80' title='bbox 465 2337 514 2398; x_wconf 79' lang='lat' dir='ltr'>estt</span> <span class='ocrx_word' id='word_1_81' title='bbox 528 2358 588 2398; x_wconf 92' lang='lat' dir='ltr'>uon</span> <span class='ocrx_word' id='word_1_82' title='bbox 601 2336 686 2417; x_wconf 90' lang='lat' dir='ltr'>usque</span> <span class='ocrx_word' id='word_1_83' title='bbox 696 2358 731 2397; x_wconf 90' lang='lat' dir='ltr'>eo</span> <span class='ocrx_word' id='word_1_84' title='bbox 742 2354 846 2412; x_wconf 87' lang='lat' dir='ltr'>tamen,</span> <span class='ocrx_word' id='word_1_85' title='bbox 857 2352 889 2396; x_wconf 90' lang='lat' dir='ltr'>ut</span> <span class='ocrx_word' id='word_1_86' title='bbox 900 2336 930 2396; x_wconf 89' lang='lat' dir='ltr'>in</span> <span class='ocrx_word' id='word_1_87' title='bbox 942 2354 989 2397; x_wconf 83' lang='lat' dir='ltr'>ca·</span> 
     </span>
     <span class='ocr_line' id='line_1_17' title="bbox 376 2421 991 2505; baseline -0.002 -21"><span class='ocrx_word' id='word_1_88' title='bbox 376 2427 453 2505; x_wconf 73' lang='lat' dir='ltr'>pite,</span> <span class='ocrx_word' id='word_1_89' title='bbox 464 2422 636 2501; x_wconf 84' lang='lat' dir='ltr'>fortunisque</span> <span class='ocrx_word' id='word_1_90' title='bbox 643 2426 788 2483; x_wconf 89' lang='lat' dir='ltr'>hominum</span> <span class='ocrx_word' id='word_1_91' title='bbox 796 2421 991 2484; x_wconf 84' lang='lat' dir='ltr'>honestissrmo·</span> 
     </span>
     <span class='ocr_line' id='line_1_18' title="bbox 377 2509 990 2588; baseline -0.003 -17"><span class='ocrx_word' id='word_1_92' title='bbox 377 2531 444 2571; x_wconf 79' lang='lat' dir='ltr'>rum</span> <span class='ocrx_word' id='word_1_93' title='bbox 454 2510 633 2571; x_wconf 83' lang='lat' dir='ltr'>dominentur</span> <span class='ocrx_word' id='word_1_94' title='bbox 641 2511 671 2585; x_wconf 89' lang='lat' dir='ltr'>ii,</span> <span class='ocrx_word' id='word_1_95' title='bbox 683 2512 731 2588; x_wconf 92' lang='lat' dir='ltr'>qui</span> <span class='ocrx_word' id='word_1_96' title='bbox 743 2509 835 2569; x_wconf 72' lang='lat' dir='ltr'>relisit</span> <span class='ocrx_word' id='word_1_97' title='bbox 849 2512 990 2571; x_wconf 88' lang='lat' dir='ltr'>bonorum</span> 
     </span>
     <span class='ocr_line' id='line_1_19' title="bbox 379 2594 988 2676; baseline -0.003 -18"><span class='ocrx_word' id='word_1_98' title='bbox 379 2600 509 2659; x_wconf 73' lang='lat' dir='ltr'>uirorum</span> <span class='ocrx_word' id='word_1_99' title='bbox 516 2594 669 2675; x_wconf 82' lang='lat' dir='ltr'>disciplina,</span> <span class='ocrx_word' id='word_1_100' title='bbox 680 2611 708 2654; x_wconf 88' lang='lat' dir='ltr'>et</span> <span class='ocrx_word' id='word_1_101' title='bbox 716 2595 852 2675; x_wconf 84' lang='lat' dir='ltr'>quaestum</span> <span class='ocrx_word' id='word_1_102' title='bbox 860 2612 889 2656; x_wconf 89' lang='lat' dir='ltr'>et</span> <span class='ocrx_word' id='word_1_103' title='bbox 897 2595 988 2676; x_wconf 61' lang='lat' dir='ltr'>sump*</span> 
     </span>
     <span class='ocr_line' id='line_1_20' title="bbox 380 2679 988 2761; baseline -0.007 -17"><span class='ocrx_word' id='word_1_104' title='bbox 380 2700 442 2744; x_wconf 81' lang='lat' dir='ltr'>tum</span> <span class='ocrx_word' id='word_1_105' title='bbox 451 2682 576 2742; x_wconf 79' lang='lat' dir='ltr'>Gallouii</span> <span class='ocrx_word' id='word_1_106' title='bbox 584 2679 659 2761; x_wconf 89' lang='lat' dir='ltr'>sequi</span> <span class='ocrx_word' id='word_1_107' title='bbox 667 2681 832 2756; x_wconf 83' lang='lat' dir='ltr'>maluerunt,</span> <span class='ocrx_word' id='word_1_108' title='bbox 844 2696 927 2760; x_wconf 91' lang='lat' dir='ltr'>atque</span> <span class='ocrx_word' id='word_1_109' title='bbox 935 2683 988 2741; x_wconf 89' lang='lat' dir='ltr'>eti-</span> 
     </span>
     <span class='ocr_line' id='line_1_21' title="bbox 381 2766 989 2847; baseline -0.007 -17"><span class='ocrx_word' id='word_1_110' title='bbox 381 2791 440 2844; x_wconf 85' lang='lat' dir='ltr'>am,</span> <span class='ocrx_word' id='word_1_111' title='bbox 450 2768 527 2847; x_wconf 90' lang='lat' dir='ltr'>quod</span> <span class='ocrx_word' id='word_1_112' title='bbox 543 2770 573 2826; x_wconf 91' lang='lat' dir='ltr'>in</span> <span class='ocrx_word' id='word_1_113' title='bbox 589 2766 638 2826; x_wconf 86' lang='lat' dir='ltr'>ilio</span> <span class='ocrx_word' id='word_1_114' title='bbox 654 2787 714 2827; x_wconf 92' lang='lat' dir='ltr'>non</span> <span class='ocrx_word' id='word_1_115' title='bbox 725 2767 789 2841; x_wconf 89' lang='lat' dir='ltr'>suit,</span> <span class='ocrx_word' id='word_1_116' title='bbox 799 2786 862 2825; x_wconf 88' lang='lat' dir='ltr'>cum</span> <span class='ocrx_word' id='word_1_117' title='bbox 878 2767 989 2826; x_wconf 82' lang='lat' dir='ltr'>audrciu</span> 
     </span>
     <span class='ocr_line' id='line_1_22' title="bbox 382 2851 991 2935; baseline 0 -22"><span class='ocrx_word' id='word_1_118' title='bbox 382 2851 906 2935; x_wconf 80' lang='lat' dir='ltr'>perfidiaquevixerunt.filicetvivere</span> <span class='ocrx_word' id='word_1_119' title='bbox 916 2873 991 2928; x_wconf 86' lang='lat' dir='ltr'>eum,</span> 
     </span>
     <span class='ocr_line' id='line_1_23' title="bbox 385 2936 988 3019; baseline 0 -20"><span class='ocrx_word' id='word_1_120' title='bbox 385 2959 466 3019; x_wconf 88' lang='lat' dir='ltr'>quem</span> <span class='ocrx_word' id='word_1_121' title='bbox 477 2947 541 3000; x_wconf 83' lang='lat' dir='ltr'>Sex.</span> <span class='ocrx_word' id='word_1_122' title='bbox 555 2942 678 2999; x_wconf 76' lang='lat' dir='ltr'>Naevius</span> <span class='ocrx_word' id='word_1_123' title='bbox 694 2958 754 2998; x_wconf 91' lang='lat' dir='ltr'>non</span> <span class='ocrx_word' id='word_1_124' title='bbox 770 2937 831 2998; x_wconf 89' lang='lat' dir='ltr'>vult</span> <span class='ocrx_word' id='word_1_125' title='bbox 842 2960 849 2997; x_wconf 92' lang='lat'>:</span> <span class='ocrx_word' id='word_1_126' title='bbox 862 2937 880 2998; x_wconf 87' lang='lat' dir='ltr'>si</span> <span class='ocrx_word' id='word_1_127' title='bbox 892 2936 988 2999; x_wconf 83' lang='lat' dir='ltr'>estho-</span> 
     </span>
     <span class='ocr_line' id='line_1_24' title="bbox 381 3023 987 3098; baseline 0.002 -12"><span class='ocrx_word' id='word_1_128' title='bbox 381 3028 452 3086; x_wconf 89' lang='lat' dir='ltr'>mini</span> <span class='ocrx_word' id='word_1_129' title='bbox 466 3023 584 3086; x_wconf 89' lang='lat' dir='ltr'>honesto</span> <span class='ocrx_word' id='word_1_130' title='bbox 602 3024 681 3083; x_wconf 80' lang='lat' dir='ltr'>locun</span> <span class='ocrx_word' id='word_1_131' title='bbox 701 3026 870 3098; x_wconf 83' lang='lat' dir='ltr'>incivitate,</span> <span class='ocrx_word' id='word_1_132' title='bbox 894 3027 987 3086; x_wconf 87' lang='lat' dir='ltr'>invito</span> 
     </span>
     <span class='ocr_line' id='line_1_25' title="bbox 384 3109 988 3190; baseline 0.002 -18"><span class='ocrx_word' id='word_1_133' title='bbox 384 3113 511 3174; x_wconf 77' lang='lat' dir='ltr'>Naevio:</span> <span class='ocrx_word' id='word_1_134' title='bbox 523 3109 592 3171; x_wconf 82' lang='lat' dir='ltr'>sisar</span> <span class='ocrx_word' id='word_1_135' title='bbox 603 3109 640 3168; x_wconf 81' lang='lat' dir='ltr'>esi</span> <span class='ocrx_word' id='word_1_136' title='bbox 650 3109 779 3190; x_wconf 87' lang='lat' dir='ltr'>respirare</span> <span class='ocrx_word' id='word_1_137' title='bbox 788 3116 818 3169; x_wconf 86' lang='lat' dir='ltr'>P.</span> <span class='ocrx_word' id='word_1_138' title='bbox 830 3113 988 3188; x_wconf 82' lang='lat' dir='ltr'>Quintium,</span> 
     </span>
     <span class='ocr_line' id='line_1_26' title="bbox 385 3195 990 3275; baseline -0.002 -15"><span class='ocrx_word' id='word_1_139' title='bbox 385 3214 485 3259; x_wconf 86' lang='lat' dir='ltr'>contru</span> <span class='ocrx_word' id='word_1_140' title='bbox 504 3213 606 3257; x_wconf 90' lang='lat' dir='ltr'>nutum</span> <span class='ocrx_word' id='word_1_141' title='bbox 624 3195 814 3275; x_wconf 87' lang='lat' dir='ltr'>ditionemque</span> <span class='ocrx_word' id='word_1_142' title='bbox 830 3201 944 3259; x_wconf 85' lang='lat' dir='ltr'>Naevii:</span> <span class='ocrx_word' id='word_1_143' title='bbox 970 3198 990 3259; x_wconf 88' lang='lat' dir='ltr'>si</span> 
     </span>
     <span class='ocr_line' id='line_1_27' title="bbox 387 3281 993 3367; baseline -0.002 -23"><span class='ocrx_word' id='word_1_144' title='bbox 387 3303 455 3363; x_wconf 81' lang='lat' dir='ltr'>qure</span> <span class='ocrx_word' id='word_1_145' title='bbox 466 3283 576 3367; x_wconf 88' lang='lat' dir='ltr'>pudore</span> <span class='ocrx_word' id='word_1_146' title='bbox 590 3297 753 3341; x_wconf 81' lang='lat' dir='ltr'>ornamenta</span> <span class='ocrx_word' id='word_1_147' title='bbox 768 3281 815 3341; x_wconf 86' lang='lat' dir='ltr'>fibi</span> <span class='ocrx_word' id='word_1_148' title='bbox 831 3287 948 3364; x_wconf 87' lang='lat' dir='ltr'>peperit,</span> <span class='ocrx_word' id='word_1_149' title='bbox 959 3305 993 3343; x_wconf 82' lang='lat' dir='ltr'>eu</span> 
     </span>
    </p>
   </div>
   <div class='ocr_carea' id='block_1_3' title="bbox 387 3366 1019 3541">
    <p class='ocr_par' dir='ltr' id='par_1_3' title="bbox 387 3366 1019 3541">
     <span class='ocr_line' id='line_1_28' title="bbox 387 3366 1019 3541; baseline -0.036 -101"><span class='ocrx_word' id='word_1_150' title='bbox 387 3369 474 3452; x_wconf 74' lang='lat' dir='ltr'>potest</span> <span class='ocrx_word' id='word_1_151' title='bbox 489 3383 593 3436; x_wconf 88' lang='lat' dir='ltr'>contra</span> <span class='ocrx_word' id='word_1_152' title='bbox 603 3366 795 3541; x_wconf 50' lang='lat' dir='ltr'>pettganatiam,</span> <span class='ocrx_word' id='word_1_153' title='bbox 806 3369 1019 3496; x_wconf 54' lang='lat' dir='ltr'>requiem-¹</span> 
     </span>
    </p>
   </div>
   <div class='ocr_carea' id='block_1_4' title="bbox 0 0 1416 4267">
    <p class='ocr_par' dir='ltr' id='par_1_4' title="bbox 0 0 1416 4267">
     <span class='ocr_line' id='line_1_29' title="bbox 0 0 1416 4267; baseline 0 0"><span class='ocrx_word' id='word_1_154' title='bbox 0 0 1416 4267; x_wconf 95' lang='lat' dir='ltr'> </span> 
     </span>
    </p>
   </div>
  </div>
 </body>
</html>
