2750 4267
451 996 874 1051 AcT10N1811.Lru.1.
913 994 968 1071 285

368 1097 518 1176 diuumque
526 1094 600 1156 suam
608 1096 751 1169 retineret,
758 1095 910 1158 laborabat.
919 1101 978 1159 ho··

369 1206 431 1257 ruo,
445 1185 494 1265 qui
504 1181 607 1264 semper
621 1180 851 1262 hospitalissimus,
865 1182 979 1244 amicis·

369 1267 666 1349 fimusquenostrorum
680 1269 824 1330 hominum
838 1268 974 1331 existimu-

371 1373 418 1418 tus
426 1354 593 1431 esset,noluit
599 1353 686 1414 videri
694 1352 865 1437 ipsumillum
873 1358 975 1417 Rubri·

373 1463 420 1504 um
439 1443 545 1501 invitus
563 1443 594 1500 in
613 1440 728 1501 domum
742 1438 817 1502 suam
830 1442 973 1524 recepisse:

374 1526 530 1606 magnifice,
546 1542 574 1586 et
590 1543 700 1601 ornate,
723 1543 754 1586 ut
768 1529 867 1587 eratin
878 1531 976 1609 primis

375 1617 449 1674 inter
457 1611 519 1671 suos
528 1610 668 1693 copiosus,
686 1615 849 1672 convivium
864 1637 977 1696 compa·

376 1716 435 1759 rat:
447 1713 527 1776 rogat
537 1700 681 1771 Rubrium,
689 1713 732 1771 ut,
742 1700 845 1776 quouei
853 1721 978 1764 commo·

376 1785 442 1846 dum
451 1784 495 1858 fit,
506 1785 621 1844 invitet:
634 1782 781 1844 locumfibi
790 1782 986 1859 soli,fividea·.

379 1889 435 1946 tur,
446 1870 594 1950 relinquat.
619 1873 703 1930 etiam
719 1868 901 1947 filiumsuum,
921 1874 979 1937 lec·

380 1958 505 2018 tiffimum
513 1954 724 2031 adolescentem,
738 1956 980 2043 sorasadpropin.

381 2064 468 2124 quum
477 2040 551 2104 suum
562 2042 699 2120 quendum
713 2044 800 2103 mittit
808 2044 842 2103 ad
852 2068 979 2112 coenam.

381 2130 502 2190 Rubrius
517 2127 590 2186 istius
607 2130 721 2188 oomites
730 2131 847 2190 invitat:
863 2153 981 2195 cotom·

381 2236 432 2275 nes
442 2221 542 2272 Verres
552 2215 682 2275 certiores
690 2215 767 2288 facit,
780 2214 847 2294 quid
854 2238 925 2298 opus
940 2220 982 2281 es·

383 2300 433 2360 set.
457 2315 561 2358 mature
576 2302 711 2361 veniunt:
734 2300 921 2365 discumbitur.
948 2306 988 2367 fit·

383 2387 472 2446 sermo
480 2389 552 2454 inter
559 2406 618 2460 eos,
633 2403 663 2446 et·
674 2390 816 2462 invitatio,
830 2406 864 2449 ut
874 2398 987 2454 Graeco*

383 2492 461 2533 more
477 2473 622 2533 biberetur.
643 2476 774 2536 hortatur
790 2473 903 2555 hospes:
919 2478 983 2562 pos·

385 2575 453 2622 cunt
461 2561 611 2637 majoribus
620 2560 747 2639 poculis:
761 2560 912 2624 celebratur
920 2586 984 2627 om·

386 2649 463 2706 nium
487 2646 610 2705 sermone
629 2645 788 2724 laetitiaque
810 2652 982 2714 convivium.

385 2731 560 2812 posteaquam
575 2729 638 2788 sartis
650 2729 737 2787 calere
753 2749 796 2787 res
807 2734 911 2793 Rubrio
926 2734 985 2795 visa

387 2816 441 2888 est;
458 2813 570 2891 quaeso,
589 2815 693 2890 inquit,
707 2813 875 2891 Philodame,
890 2841 939 2879 cur
950 2821 986 2882 ad

388 2922 442 2962 nos
450 2899 533 2960 filiam
542 2915 616 2958 tuam
624 2918 684 2957 non
694 2900 770 2960 intro
777 2904 872 2961 vocari
887 2905 986 2981 jubes?

388 2992 485 3059 homo,
500 2986 548 3065 qui
556 3001 584 3044 et
591 2983 694 3043 summa
703 2989 849 3062 gravitate,
860 2992 949 3067 etjam
958 2992 988 3055 id

388 3075 497 3147 aetatis,
511 3087 540 3130 et
550 3070 732 3150 parenseffet,
747 3072 887 3153 obstupuit
896 3079 989 3139 homi·

389 3162 433 3219 nis
441 3159 561 3239 improbi
570 3157 653 3217 disto.
670 3157 770 3218 instare
778 3162 906 3223 Rubrius.
928 3181 988 3226 tum

388 3246 445 3321 ille,
460 3261 491 3304 ut
500 3242 602 3325 aliquid
609 3241 795 3325 responderet,
809 3251 999 3323 negauim-

386 3329 1004 3413 ris-esseGraecorum,ur·meuu=rumum
