2750 4267
468 677 686 731 ACTiONIS
704 678 742 729 11.
762 674 842 727 ΜΒ.
862 676 885 728 1.
929 687 982 741 257

388 800 472 854 mum,
489 783 542 837 hoc
557 777 738 835 unonomine
748 773 849 832 absolvi
861 773 939 846 veile,
957 786 988 829 ut

387 868 421 925 ab
429 864 629 942 senatujudicia
636 884 684 943 per
691 861 884 939 ignominiam,
897 860 985 936 turpi·

385 948 738 1029 tudinemqueaufetantut.
761 948 827 1005 haec
834 964 889 1019 me,
905 941 986 1020 Judi·

386 1030 987 1115 cet,pluribusverbit,vobiscumageteco'e'·

385 1124 427 1199 git
445 1142 505 1180 non
521 1123 605 1179 timor
615 1140 693 1179 meus
707 1118 741 1179 de
754 1117 841 1180 vestra
855 1115 919 1190 fide,
941 1111 987 1174 sed

385 1206 445 1288 spes
463 1205 574 1265 illorum
585 1226 670 1278 novt,
686 1225 757 1284 quae
772 1225 833 1263 cum
845 1209 988 1261 Verreme

385 1287 985 1373 portasubitoadjodiciumretraxiisetmon·

385 1376 456 1437 nulli
464 1373 588 1457 suspicati
605 1375 668 1437 sunt
684 1395 744 1434 non
757 1372 812 1434 fine
824 1371 902 1433 causa
912 1372 986 1432 illiue

384 1460 527 1523 confilium
550 1478 606 1523 tam
628 1478 743 1542 repente
764 1458 815 1520 effe
837 1472 984 1519 mutatum.

358 1570 374 1616 9
385 1554 481 1623 Nunc,
503 1569 539 1607 ne
554 1570 633 1609 novo
641 1547 829 1628 querimoniae
839 1545 986 1624 genereuti

385 1634 464 1713 possit
479 1634 653 1707 Hortarius,
669 1649 698 1695 et
709 1654 740 1693 ea
751 1633 851 1706 dicere,
866 1630 986 1712 opprimi

386 1738 473 1792 reum,
488 1716 520 1777 de
532 1739 589 1798 quo
599 1721 668 1780 nihil
682 1720 756 1780 dicat
768 1717 924 1779 accusatore
941 1718 985 1775 ni·

381 1802 425 1863 ‘hil
434 1801 486 1862 effe
497 1818 554 1863 tam
569 1804 749 1884 periculosum
769 1804 888 1865 fortunis
900 1806 985 1863 inno·

385 1891 518 1965 centium,
529 1910 611 1968 quam
620 1905 710 1950 tacere
718 1890 900 1951 adversarios:
913 1906 941 1948 et
949 1908 986 1948 ne

385 1975 474 2048 aliter,
483 1996 565 2055 quam
573 1997 626 2054 ego
633 1977 728 2051 velim,
736 1997 826 2037 meum
835 1976 927 2036 laudet
938 1978 982 2033 in·

383 2063 510 2137 geniumt
527 2083 588 2121 cum
596 2063 680 2136 dicat,
696 2082 750 2139 me,
765 2062 881 2123 fimulta
898 2058 983 2120 dixis·

383 2144 814 2223 sem,sub1evaturumfuiffeeum,
826 2169 908 2228 quem
916 2169 984 2207 con·

384 2235 426 2291 tri
434 2232 551 2294 dicerem
560 2257 567 2294 τ
577 2240 709 2315 quianon
719 2231 848 2309 diiierim,
855 2229 986 2312 perdidis-

383 2316 424 2380 set
435 2339 540 2378 motem
549 2320 588 2381 iili
598 2343 689 2399 geram
701 2344 709 2381 t
719 2337 780 2381 utar
788 2324 915 2380 oratione
922 2338 985 2397 per·

382 2418 479 2482 petuar
495 2426 555 2463 non
563 2409 696 2483 quoniam
703 2409 757 2464 hoc
765 2404 796 2464 fit
803 2401 922 2473 neceffe;
936 2422 984 2461 ve·

383 2506 445 2547 rum
457 2492 631 2564 utexpetiat,
646 2505 739 2548 utrum
750 2488 794 2547 ille
803 2488 872 2548 ferat
883 2486 982 2546 moles·

383 2572 451 2643 tius,
467 2591 510 2628 me
526 2586 592 2630 tunc
603 2571 723 2646 tacoiise,
738 2595 774 2633 an
786 2595 862 2633 nune
878 2573 979 2634 dicere.

382 2658 429 2714 hic
439 2669 469 2713 tu
479 2653 587 2716 fortasse
596 2658 784 2736 etiediligens,
793 2678 828 2717 ne
838 2679 920 2737 quam
928 2678 980 2735 ego

381 2743 479 2800 horam
487 2740 520 2800 de
529 2744 596 2801 meis
604 2742 733 2823 legitimis
745 2748 822 2806 horis
830 2746 981 2805 remittam.

382 2825 431 2887 nifi
441 2830 660 2910 omnitempore,
674 2833 751 2912 quod
762 2836 828 2895 mihi
838 2835 897 2915 iege
911 2851 981 2895 con·

381 2911 480 2977 cessum
495 2913 543 2986 est,
564 2916 661 2978 abusus
679 2940 738 2995 eto,
754 2926 884 3003 quereret
899 2923 986 2983 dedra

376 3013 462 3083 atque
476 3004 629 3070 hominum
640 3005 732 3073 iidem
742 3009 944 3095 impiorffiw,
953 3006 1019 3059 ew.
