2750 4267
471 936 691 994 remotus
708 936 746 991 11.
765 933 851 991 urm·
864 935 889 992 1.
931 949 962 1008 24

387 1038 533 1119 perducere
540 1038 703 1118 poterimus,
714 1037 818 1115 quibus
826 1037 962 1115 probemu

384 1124 466 1184 ilium
481 1128 510 1184 in
522 1122 664 1203 quaestura
680 1123 823 1202 pecuniam
836 1122 962 1200 publium

385 1216 442 1272 Cn.
459 1211 584 1270 Carboni
604 1207 710 1268 consuli
726 1208 828 1280 datum,
843 1205 962 1266 avertisse

384 1298 485 1375 quibus
500 1294 722 1376 persuadeamus,
736 1292 816 1352 istum
826 1292 918 1352 alieno
932 1312 962 1352 ut

382 1381 676 1461 mineuquaestoribus
686 1381 812 1452 urbanis,
825 1377 902 1456 quod
910 1379 963 1458 pri<

384 1487 414 1527 re
426 1465 680 1539 aetionedidicistis,
696 1466 838 1545 pecuniam
843 1462 963 1524 abstuti

384 1568 466 1610 erunt
475 1553 636 1629 quietineo
645 1569 756 1629 quoque
770 1548 909 1609 audacium
924 1552 963 1626 eju

385 1635 598 1717 reprehendant,
617 1636 694 1715 quod
705 1634 812 1713 aliquot
823 1636 963 1694 numinibt

384 1721 419 1782 de
434 1725 533 1803 capite,
548 1738 683 1801 quantum
698 1719 874 1780 commodum
890 1720 963 1780 fueri

384 1807 516 1869 frumenti
523 1809 665 1868 decumani
681 1807 842 1867 detraxerit.
865 1822 963 1866 erunt«

385 1896 450 1953 tiam
459 1893 578 1968 fortuile,
590 1894 714 1970 Judioes,
729 1895 777 1972 qui
785 1892 862 1952 illum
870 1892 963 1973 ejuept

385 1980 506 2039 eulaeum
520 1980 565 2038 vel
576 1983 705 2039 acerrime
719 1977 918 2040 vindicandum
934 2000 963 2059 pt

386 2079 458 2141 tent,
473 2064 550 2142 quod
565 2064 610 2123 iste
622 2071 665 2124 M.
675 2064 810 2138 Marcelli,
829 2080 857 2123 et
869 2071 900 2124 Ρ.
910 2065 963 2124 Afr¹

386 2152 449 2209 cani
464 2166 657 2225 monumenta,
679 2169 751 2229 quae
771 2152 896 2224 nomine,
921 2151 963 2211 illt

385 2255 464 2308 rum;
481 2256 593 2310 revera,
608 2235 702 2315 populi
715 2238 845 2310 Romani,
856 2252 883 2296 et
894 2256 963 2296 erau

384 2323 602 2396 ethabebautur,
615 2321 733 2381 exsanis
742 2320 963 2399 religioiiffimis,e

385 2409 496 2467 urbibus
515 2405 650 2469 sociorum
665 2425 747 2491 atque
762 2410 911 2469 amicorum
926 2430 963 2470 no

363 2526 375 2570 5
389 2493 554 2554 dubitaverit
565 2494 680 2556 auferre.
736 2494 884 2555 Emerserit
891 2514 963 2577 expe

388 2580 704 2659 tulatusetiamjudicio.
729 2582 875 2641 meditetur
886 2582 921 2640 de
935 2582 963 2641 dt

386 2666 600 2738 eibushostium‚
615 2687 687 2744 quos
703 2681 814 2743 acceptu
828 2666 963 2744 pecunial

386 2750 508 2808 berault:
519 2750 624 2822 videat,
635 2750 702 2827 quid
709 2749 744 2807 de
751 2749 806 2809 illie
814 2748 963 2828 respoudeu

386 2853 459 2912 quos
468 2835 496 2891 in
505 2854 600 2892 eorum
606 2834 698 2893 lucum
710 2832 832 2893 subditos
840 2835 964 2895 domisuu

388 2917 544 2978 reservavit.
572 2938 684 2996 quaerat
702 2940 761 2978 non
775 2918 875 2994 solum,
893 2942 964 3001 quen

387 3004 536 3063 admodum
554 3003 648 3065 nostro
659 3007 779 3079 crimini,
791 3027 887 3065 verum
902 3009 964 3067 etiut

386 3110 444 3169 quo
453 3096 532 3169 patio
545 3090 774 3152 suaeconfeilioni
782 3092 861 3170 possut
870 3094 962 3153 meder

384 3182 550 3250 meminerit,
560 3176 585 3237 se
593 3180 684 3258 priore
692 3178 929 3253 aetione,clam0re
937 3201 964 3259 p(

383 3263 443 3354 guli
451 3268 573 3328 Romani
582 3262 964 3344 luieiiuutuuefxm'xmxuqmu
