2750 4267
541 981 568 1033 S.
584 980 617 1033 R.
638 977 859 1033 AMERINO.
943 994 996 1054 ¹1⁹

395 1074 523 1155 vertisset,
535 1079 682 1139 damnatus
691 1099 739 1156 per
750 1078 893 1154 arbitrum,
904 1094 997 1144 errem

396 1167 556 1241 restitueret,
569 1181 596 1225 et
613 1164 779 1224 honestatem
793 1185 904 1225 omnem
917 1170 997 1228 amit·

396 1255 476 1316 teret?
490 1276 567 1314 nunc
577 1273 636 1310 non
645 1255 716 1310 hanc
727 1252 751 1309 ei
760 1271 817 1310 rem
829 1258 891 1311 Sex.
904 1251 999 1312 Rosci·

397 1360 427 1399 ue
438 1340 595 1411 mandavit,
605 1336 659 1411 sed,
670 1337 698 1396 id
706 1336 781 1416 quod
790 1338 878 1398 multo
886 1340 998 1417 gravius

397 1425 443 1501 est,
453 1424 510 1507 ipse
518 1433 582 1484 Sex.
595 1422 867 1499 Rosciuscumfama,
879 1428 1000 1500 vira,bo·

397 1510 632 1590 nilqueomnibus
650 1511 874 1570 adecurionibus
892 1512 999 1592 publice

400 1594 500 1660 Roscio
518 1595 664 1656 mandatus
673 1596 723 1655 est:
741 1613 816 1655 etex
830 1618 863 1656 eo
875 1605 915 1658 T.
929 1598 999 1658 Ros·

399 1685 459 1745 cius
470 1702 529 1748 non
537 1682 647 1762 paulum
659 1682 753 1742 nescio
764 1683 832 1761 quid
848 1686 877 1742 irr
890 1705 947 1742 rem
956 1683 1000 1744 lu·

399 1790 443 1830 am
452 1770 610 1841 convertit,
627 1766 673 1827 sed
683 1773 756 1828 hunc
764 1767 888 1827 funditus
900 1773 1002 1831 evertit

399 1858 497 1918 bonis:
509 1853 564 1934 ipse
573 1856 626 1913 tria
633 1856 742 1933 praedia
750 1853 797 1915 srbi
805 1855 932 1934 depadlus
944 1855 1000 1930 este

399 1942 572 2003 voluntatem
583 1939 775 2015 decurionum,
791 1963 822 2001 ac
830 1945 1000 2022 municipum

398 2030 524 2088 omnium
540 2027 688 2102 tantidem,
705 2031 802 2106 quanti
818 2027 899 2087 fidem
915 2027 1001 2106 suam,

363 2107 473 2175 4⁰lecit.
543 2114 711 2191 Videtejam
724 2135 809 2192 porro
818 2131 933 2188 caetera,
949 2124 1000 2192 Ju·

399 2198 928 2277 dices,utintelligatisfingi'maleficium
936 2201 1000 2260 nul·

398 2285 454 2347 lum
462 2284 548 2366 polle,
559 2308 616 2367 quo
631 2285 741 2345 istesese
757 2306 816 2345 non
826 2289 1000 2346 contamine·

398 2374 444 2433 rit.
468 2376 498 2432 in
517 2376 596 2433 rebus
608 2374 762 2433 minoribus
779 2371 881 2431 socium
896 2372 1000 2448 fallere,

400 2460 579 2538 turpillimum
594 2458 641 2530 est,
655 2479 796 2538 aequeque
817 2473 905 2539 turpe,
916 2475 1001 2540 atque

403 2543 482 2620 illud,
495 2546 529 2603 de
544 2565 602 2624 quo
614 2559 679 2603 ante
693 2546 762 2603 dixi.
786 2547 998 2624 nequeinjuriar

400 2645 545 2729 propterea
552 2632 628 2709 quod
637 2632 767 2689 auxilium
778 2629 826 2689 fibi
835 2630 859 2688 se
867 2648 944 2710 putat
954 2632 1002 2691 ad·

398 2715 530 2791 junxilse,
542 2719 660 2794 quicum
671 2717 758 2775 altero
775 2735 832 2774 rem
846 2720 1000 2775 communi·

403 2804 487 2859 cavit.
510 2802 543 2861 ad
556 2803 635 2879 cujus
652 2805 739 2879 igitur
750 2802 830 2861 fidem
847 2801 1001 2878 confugiet,

404 2905 467 2943 cum
475 2906 524 2964 per
536 2888 593 2964 ejus
605 2887 687 2946 fidem
699 2888 828 2961 laeditur,
837 2888 882 2947 cui
890 2887 1002 2946 seeum-

402 2970 526 3031 miserit?
546 2976 623 3052 atqui
638 2995 669 3032 ea
681 2973 744 3033 sunt
758 2974 1003 3033 animadvertenda

400 3075 512 3139 peccata
530 3062 662 3131 maxime,
673 3080 745 3137 quae
754 3060 913 3118 difficillime
924 3080 1003 3137 prae·

400 3161 544 3205 caventur.
558 3147 620 3203 redi
628 3143 679 3203 elle
687 3145 722 3203 ad
734 3146 839 3205 alienos
848 3143 1002 3224 pollumurr

401 3232 492 3290 intimi
508 3230 595 3289 multa
607 3232 747 3309 apertiora
759 3231 893 3304 uideam,
901 3230 1018 3288 mue

397 3317 450 3378 eil.-
462 3316 573 3379 socium
588 3338 663 3381 veru
675 3338 779 3380 cauere
793 3321 851 3399 qul
860 3305 1034 3407 uuum&
