2750 4267
483 1025 866 1098 nn0.1³.QU1uT10.
942 1039 980 1102 tt

375 1131 471 1217 pudet.
495 1130 624 1210 dejicitur
631 1127 667 1188 de
674 1125 753 1203 utu,
765 1133 799 1187 C.
809 1126 915 1208 Aquili,
923 1129 981 1212 pri-

376 1223 420 1281 die
438 1218 573 1279 kalendas
589 1214 774 1275 intercalares.
801 1214 887 1275 biduo
905 1215 983 1298 post,

378 1323 435 1383 aut,
446 1321 479 1365 ut
493 1304 583 1363 statim
594 1301 704 1378 dejure
715 1300 812 1379 aliquis
823 1305 983 1382 cucurrerit,

378 1415 438 1453 uon
447 1407 511 1451 toto
519 1389 613 1447 triduo
624 1385 778 1446 necmillia
785 1385 906 1467 palluum
914 1410 983 1450 cou-

378 1480 523 1539 ficiuntur.
547 1475 631 1532 brem
639 1472 836 1532 incredibilem!
850 1475 985 1557 dcupidi·

382 1579 468 1623 tutem
479 1558 716 1619 inconsideratam!
734 1559 986 1622 bnuntiumvolu·

383 1650 471 1711 crem!
486 1643 635 1705 administri
642 1659 670 1703 et
678 1642 802 1704 satellites
811 1655 874 1706 Sex.
884 1651 986 1709 Naevii

386 1743 478 1797 Roma
497 1749 575 1792 traua
591 1731 675 1812 Alpes
687 1733 717 1790 iu
730 1731 888 1792 Sebufianos
900 1733 987 1796 biduo

381 1826 511 1882 veniunt.
539 1819 716 1879 dhominem
737 1818 919 1895 fortunatum,
937 1824 988 1902 qui

382 1907 516 1987 ejusmodi
528 1906 656 1977 nuntios,
664 1901 707 1962 seu
715 1908 807 1983 potius
816 1904 931 1983 Pegasos
939 1911 988 1969 ha-

352 1996 463 2053 aubeatl
532 1993 590 2052 Hic
604 2010 667 2067 ego,
687 1988 798 2050 fieraffi
812 2014 910 2052 omnes
926 2016 989 2057 cum

387 2080 522 2139 Antoniis
530 2076 659 2153 existant,
667 2076 685 2135 fi
694 2093 735 2153 tu,
748 2084 783 2136 L.
793 2079 927 2159 Philippe,
939 2083 990 2160 qui

388 2164 536 2225 interillos
548 2165 675 2236 florebas,
697 2167 769 2222 hanc
784 2162 891 2223 caulam
911 2164 991 2226 voles

387 2273 451 2313 cum
459 2249 992 2329 Hortenfiodicere,tamensuperiorfim

388 2334 494 2399 necelle
508 2336 556 2395 est.
579 2338 740 2410 nonenim,
762 2336 992 2415 quemadmodum

389 2426 511 2505 putatis,
530 2426 625 2482 omnia
640 2420 748 2481 suntin
763 2423 930 2502 eloquentia.
955 2424 993 2488 est

390 2510 524 2591 quaedam
536 2526 629 2569 tamen
638 2511 675 2567 ita
683 2507 944 2589 perspicuaveritus,
961 2527 994 2573 ut

390 2596 597 2657 eaminfirmare
605 2595 680 2654 nulla
688 2616 730 2654 res
740 2596 826 2673 poslrt.
850 2620 899 2667 an,
914 2614 993 2658 ante.

390 2703 473 2761 quam
483 2681 631 2763 postulasti,
641 2696 673 2739 ut
683 2683 758 2740 bona
773 2682 929 2760 pollueres,
941 2686 994 2744 mi·

391 2768 994 2847 sulli‚quicurarent‚utdominusdesuofun·

392 2854 508 2913 doasua
522 2853 625 2913 familia
631 2856 661 2912 vi
672 2854 848 2929 dejiceretur?
868 2855 994 2915 utrumli-

393 2943 441 2998 bet
448 2940 525 3018 elige.
534 2941 649 2999 alterum
656 2938 815 2997 incredibile
823 2938 869 2997 ess:
880 2940 994 3004 alterum

393 3025 545 3086 nefarium:
557 3042 585 3085 et
592 3043 656 3084 ante
668 3030 723 3084 hoc
731 3042 839 3104 tempus
848 3043 995 3109 utrumque

392 3112 561 3172 inauditum.
586 3111 757 3191 septingenta
769 3112 852 3171 millia
872 3113 996 3193 palluum

393 3197 497 3259 viselle
508 3197 619 3259 decursa
633 3198 733 3257 biduo?
746 3197 801 3258 dic.
818 3203 918 3278 negas?
931 3221 996 3265 ante

395 3288 476 3363 igitur
485 3284 584 3345 misisti.
599 3284 683 3345 malo.
697 3282 796 3343 sienim
804 3285 870 3346 illud
879 3287 996 3366 diceres;

397 3372 521 3452 improbe
528 3372 639 3434 mentiri
646 3368 781 3432 viderere.
796 3376 997 3438 cumhoccon·
