2750 4267
474 967 901 1025 ACT10N1311.L113.1.
945 970 999 1047 263

399 1065 623 1147 ‘lend.'Jauuat·.
634 1061 820 1129 inconfilium
834 1067 953 1133 ireturr’
970 1074 1002 1136 in

398 1177 459 1216 eam
468 1157 541 1217 diem
548 1176 614 1234 ego,
629 1176 692 1215 cum
699 1151 1003 1235 potuill'emvitare,itr·

399 1242 534 1304 cidilleru?
547 1263 624 1302 nunc
631 1244 698 1301 mihi
707 1244 838 1321 temporis
845 1243 918 1320 ejus,
926 1244 1003 1323 quod

398 1332 470 1390 mihi
478 1329 666 1390 addicendum
676 1327 769 1402 datur,
781 1325 928 1406 (quoniam
936 1334 1002 1392 ina.-

398 1417 480 1475 almo
495 1414 533 1475 est
541 1412 647 1474 causam
663 1434 776 1474 omnem
790 1420 944 1495 exponere)
955 1420 1004 1479 ha·

365 1518 390 1554 12
404 1502 494 1561 beuda
506 1504 578 1560 ratio
589 1498 626 1560 est
634 1500 790 1577 diligenter.
842 1504 1003 1582 Itaquepri·

401 1588 562 1648 mumillum
570 1591 660 1663 astum
666 1585 1004 1667 istiuavimeturpillrmum

400 1689 431 1732 et
447 1670 910 1817 flagitiofisslmumqpraetermittam.
934 1671 1005 1736 nihil

401 1780 470 1819 ame
479 1760 515 1819 de
521 1761 656 1839 pueritiae
680 1779 732 1817 uae
745 1759 866 1834 flagitiis,
877 1758 1006 1839 peccatis·

403 1866 460 1926 que
468 1846 576 1905 audiere
593 1844 710 1906 nihilex
721 1844 768 1903 illa
783 1845 892 1924 impura
905 1844 1007 1910 adoles·

401 1935 495 1991 centia
507 1931 575 1991 suat¹
585 1950 655 2011 quae
671 1930 762 2011 qualis
776 1929 871 2007 fiterit,
888 1949 1005 1995 aut-me·

405 2017 688 2092 ministis,autexeo,
704 2014 1005 2096 quemsuifimillimut'n

404 2103 552 2183 produxit,
564 2101 758 2182 recognoscere
766 2102 887 2182 potestis.
911 2108 1006 2168 omnia

404 2190 572 2271 praeterito,
586 2190 731 2269 quaemihi
742 2191 833 2269 turpia
847 2190 920 2251 dictu
928 2192 1006 2253 vide·

406 2277 528 2336 buntura
545 2274 741 2354 nequesolum,
757 2276 824 2355 quid
837 2274 916 2337 istum
926 2279 1005 2341 audi·

406 2378 448 2437 ra,
465 2365 662 2439 verumetiam,
677 2363 744 2442 quid
752 2362 1006 2441 medcceutdicere,

405 2446 594 2509 confiderabo.
617 2469 682 2524 vot,
701 2446 814 2529 quaeso,
832 2449 966 2528 datehoc,
978 2469 1007 2514 et

405 2536 550 2595 concedite
566 2535 667 2616 pudori
683 2556 757 2608 meo,
772 2551 804 2594 ut
815 2534 934 2615 aliquam
942 2560 1005 2620 par·

404 2635 461 2681 tem
469 2620 761 2701 deistiuaimpudentia
772 2623 885 2681 reticere
899 2624 1003 2702 pollim.

403 2724 489 2764 omne
496 2705 562 2764 illud
570 2722 691 2786 tempus,
705 2704 782 2783 quod
796 2704 850 2763 fuit
860 2721 1006 2786 antequam

406 2790 454 2849 iste
463 2788 797 2868 admagistratusremque
809 2791 945 2869 publicam
960 2814 1006 2854 ac·

406 2875 491 2947 cellit,
502 2877 599 2933 habeat
606 2890 654 2954 per
661 2896 706 2933 me
713 2872 832 2935 solutum
840 2895 871 2934 ac
878 2872 1005 2940 liberum.

404 2958 555 3019 sileaturde
563 2962 707 3019 nocturnis
715 2962 1008 3039 ejuabacchationibua

407 3067 440 3106 ac
458 3046 575 3123 vigiliiar
595 3046 739 3122 lenonum,
756 3046 918 3123 aleatorum,
943 3070 1007 3131 per·

404 3133 554 3193 ductorum
565 3131 642 3191 nulla
649 3136 755 3193 mentio
762 3132 826 3195 fiat:
837 3134 949 3211 maana,
960 3135 1008 3197 deo

404 3217 519 3295 decora,
535 3238 656 3298 quaeret
666 3222 834 3301 patriaeiut,
854 3236 929 3281 aetat
944 3220 1008 3297 iuli·

407 3320 441 3367 οι
454 3306 586 3393 pertulit,
600 3301 1043 3393 qaaecumque-mmm&-
