2750 4267
533 1042 560 1098 s.
574 1038 847 1096 κΑΜεκιΝο.
944 1053 996 1113 103

396 1159 524 1204 toremnc
536 1141 660 1221 judicem
671 1139 827 1217 fugiebant,
841 1154 923 1221 atque
931 1144 1000 1201 hor·

397 1232 493 1291 rebant
507 1230 539 1304 ii,
554 1229 656 1308 quibus
670 1225 823 1307 periculum
839 1228 999 1287 creabaturz

349 1370 363 1381 .
396 1314 459 1391 ideo
478 1314 573 1394 quod,
595 1310 698 1372 tametfi
720 1314 844 1372 veritatis
859 1328 918 1373 erat
933 1314 1001 1373 ami·

396 1422 459 1476 cus,
474 1417 570 1459 tamen
584 1414 683 1458 natura
698 1419 758 1460 non
774 1413 831 1458 tam
846 1397 999 1480 propensus

397 1488 434 1547 td
448 1484 673 1561 miseticordiam,
691 1505 774 1565 quam
792 1486 948 1566 implicatus
966 1485 1002 1547 ad

397 1570 572 1632 severitatem
585 1570 736 1631 videbatur.
759 1592 822 1649 ego,
838 1592 998 1653 quanquam

396 1656 503 1739 praeest
518 1658 583 1718 huic
601 1656 752 1735 quaestioni
771 1662 833 1733 vir,
855 1673 882 1717 et
901 1674 1000 1718 contra

395 1744 538 1805 audaciam
553 1743 774 1819 fortiffimus,'et
789 1746 824 1802 ab
839 1746 1002 1803 innocentia

395 1830 633 1892 clemenn‘ffimusz
657 1845 749 1889 tamen
768 1828 848 1889 facile
868 1850 911 1889 me
926 1846 1002 1910 pate·

397 1938 453 1992 rer,
469 1916 516 1976 vel
531 1916 581 1976 illo
592 1913 652 1996 ipso
668 1916 801 1975 acerrimo
809 1916 903 1995 judice
919 1936 1004 1996 quae·

399 2017 488 2077 rente,
504 2002 547 2061 vel
562 2002 636 2083 apud
651 2002 917 2080 Cafflanosjudices,
932 2025 1004 2083 quo·

399 2110 460 2150 rum
471 2091 552 2149 etium
563 2111 639 2149 nunc
655 2090 686 2163 ii,
703 2092 803 2168 quibus
816 2088 894 2149 causa
909 2091 1003 2149 dicen·

398 2177 433 2237 da
448 2174 495 2257 est,
516 2197 620 2236 nomen
640 2174 727 2255 ipsum
744 2175 936 2249 reformidant,
952 2196 1003 2256 pro

361 2272 387 2318 ³¹
402 2271 467 2322 Sex.
476 2261 576 2324 Roscio
584 2262 684 2322 dicere.
752 2269 786 2319 In
795 2264 846 2320 hac
857 2265 931 2321 enim
940 2283 1004 2321 cau·

403 2348 643 2423 sacumviderent‚
655 2347 720 2407 illos
732 2348 915 2427 ampliffimam
925 2369 1007 2429 pecu·

398 2435 471 2494 niam
485 2433 625 2515 poffidere,
645 2438 719 2492 hunc
734 2435 764 2491 in
783 2432 885 2494 summa
897 2436 1003 2495 mendi·

397 2518 550 2593 citateeffe3
559 2520 628 2579 illud
636 2519 749 2597 quidem
758 2541 816 2578 non
826 2538 1001 2599 quaererent,

397 2610 439 2667 eui
447 2609 524 2667 bono
535 2603 639 2664 fuiffetz
655 2604 699 2664 sed
712 2627 745 2665 eo
767 2604 936 2686 perspicuum
949 2612 1003 2669 cri·

397 2713 471 2768 men,
492 2689 708 2771 etsuspicionem
723 2695 815 2770 potius
831 2694 1004 2771 adpraedam

397 2778 592 2857 ndjungerent,
607 2783 690 2856 quam
708 2776 742 2835 ad
759 2777 911 2853 egestatem.
937 2780 1005 2857 quid

397 2862 531 2925 flaccedit
539 2863 649 2938 eodem,
664 2878 696 2920 ut
705 2865 796 2921 tenuis
808 2879 888 2922 antea
901 2863 1003 2923 fueris?

399 2950 465 3029 quid
477 2950 507 3026 fi,
522 2964 555 3008 ut
569 2950 689 3008 avarus?
715 2948 782 3028 quid
799 2947 828 3022 s1,
841 2969 873 3008 ut
892 2950 1004 3011 audax?

398 3037 465 3114 quid
474 3036 504 3110 fi,
513 3050 545 3094 ut
553 3035 637 3110 illius,
648 3036 697 3114 qui
706 3033 811 3093 occisus
820 3033 867 3111 est,
878 3035 1006 3095 inimicis·

398 3120 494 3181 fimus?
512 3141 580 3179 num
589 3120 743 3198 quaerenda
754 3120 842 3195 causa,
858 3144 928 3202 quae
936 3138 962 3182 te
970 3124 1005 3183 ad

398 3221 507 3266 tantum
517 3206 623 3264 facinus
633 3206 792 3266 adduxerit?
802 3211 1017 3288 qu'xdexgm·

395 3311 455 3351 mm
471 3294 568 3369 negari
584 3292 692 3372 potest?
709 3298 990 3358 teminashmuixs
1006 3312 1038 3349 t·

378 3372 568 3458 Jflfimdiaest,
577 3382 1048 3468 utdiffimuxatxnonqmmx
