2750 4267
784 663 790 675 Ι
885 652 891 672 Ι

873 697 882 712 q

453 975 873 1033 ACT10N1811.LIB.1.
918 992 973 1055 329

372 1073 510 1135 eumeffet
527 1079 656 1137 omuibus
671 1078 703 1137 in
719 1079 800 1137 rebus
812 1079 973 1158 apertisime

369 1162 653 1242 impudentiffimeque
660 1164 819 1245 praedatur,
834 1166 975 1228 hocvolu·

372 1247 397 1306 it
408 1248 577 1310 clariffirnum
584 1250 740 1329 relinquere
746 1250 974 1314 indiciumlatro·

373 1335 510 1396 citriorum
519 1335 649 1397 suorum:
664 1336 699 1396 de
707 1357 767 1416 quo
773 1356 834 1397 non
842 1336 936 1398 audire
944 1359 974 1398 a·

370 1420 518 1503 liquando,-
541 1422 688 1483 sedvidere
696 1423 819 1503 quotidie
826 1422 975 1502 possemus.

371 1509 520 1587 quaefivit,
541 1512 604 1590 quis
626 1508 721 1568 aedem
737 1508 858 1569 Castoris
873 1508 973 1571 sartam

371 1601 469 1657 tetram
485 1597 595 1658 deberet
614 1594 733 1655 tradere.
756 1597 872 1671 Junium
887 1595 976 1676 ipsum

368 1699 510 1744 mortuum
528 1682 581 1743 effe
591 1680 707 1742 sciebat:
720 1678 787 1740 scire
802 1681 925 1756 volebat,
940 1683 975 1744 ad

367 1788 451 1849 quem
460 1771 560 1831 illures
566 1769 734 1850 pertineret:
747 1766 823 1825 audit
841 1767 975 1847 pupillum

366 1855 419 1917 effe
433 1857 531 1917 filiurn.
559 1860 664 1928 homo,
686 1854 736 1932 qui
750 1850 856 1933 semper
871 1855 908 1913 ita
924 1876 974 1935 pa·

367 1940 422 2000 lam
431 1940 585 2018 dictitasset,
593 1940 727 2023 pupillos,
741 1939 907 2022 etpupillrs,
916 1961 975 2000 cer·

368 2027 491 2086 tiffimam
507 2024 700 2106 praedam-eise¹
713 2028 901 2105 praetoribus,
921 2048 973 2107 op-

368 2127 457 2171 tutum
477 2114 620 2188 negotium
639 2110 687 2170 fibi
706 2114 736 2169 in
755 2108 844 2169 smum
855 2111 974 2171 delutum

368 2196 421 2256 effe
439 2196 557 2255 dicebat.
581 2213 795 2255 monumentum
811 2196 857 2254 illa
877 2195 974 2275 ampli-

368 2282 476 2356 tudine,
492 2281 542 2339 illo
557 2301 652 2361 opere,
663 2284 793 2361 quamvis
805 2279 905 2340 sertum
918 2297 974 2340 tec·

368 2382 439 2442 tum,
452 2369 645 2448 integrumque
659 2367 735 2444 effer,
754 2385 849 2430 tamen
867 2366 973 2446 aliquid

366 2452 394 2513 se
404 2454 597 2529 inventurum,
612 2456 714 2534 inquo
730 2455 822 2516 moliri
834 2454 973 2536 praedari·

367 2560 422 2619 que
441 2537 545 2619 posset,
568 2542 761 2602 arbitrabatur.
786 2549 821 2602 L.
842 2543 973 2601 Rabonio

367 2626 462 2686 aedem
469 2626 589 2687 Castoris
605 2626 676 2685 tradi
692 2629 850 2707 oportebat.
874 2629 899 2683 is
909 2624 972 2685 casu

368 2712 465 2794 pupilli
483 2715 561 2789 Junii
576 2727 654 2770 tutor
665 2725 735 2785 erat,
748 2710 909 2769 testamento
925 2732 973 2789 pa·

370 2800 431 2857 tris.
441 2795 608 2857 cumeofine
617 2795 675 2855 ullo
683 2798 973 2855 intertrimentocon·

369 2884 557 2960 veneratjam,
571 2880 973 2962 quemadmodum-traderetur.

370 2967 493 3031 isteadse
503 2970 661 3029 Raboniutu
674 2984 778 3027 vocat:
795 2968 914 3046 quaerit,
930 2987 975 3025 ec·

371 3056 439 3137 quid
447 3054 489 3133 fit,
500 3055 576 3136 quod
585 3053 712 3134 upupillo
721 3051 854 3113 traditum
859 3070 922 3111 non
931 3051 975 3127 fit,

372 3143 449 3226 quod
456 3144 529 3221 origi
540 3142 645 3202 debeat.
668 3161 733 3200 cum
747 3138 803 3214 ille,
818 3137 847 3198 id
859 3137 938 3218 ‘quod
947 3158 976 3197 e·

372 3247 429 3307 rat,
441 3230 557 3305 diceret,
564 3226 673 3289 facilem
682 3226 787 3309 pupillo
796 3224 989 3316 traditionem

371 3316 436 3404 else,
450 3311 1012 3410 figuretdouueomuureeeommxw

962 3635 1042 3668 s
