2750 4267
474 955 892 1012 Acn1on1s11.1„1n.1.
930 970 985 1029 245

388 1056 518 1119 mamilla
524 1058 598 1117 vieta
606 1054 783 1129 videbuntur,
798 1075 862 1116 enm
877 1056 907 1115 in
915 1077 985 1118 con·

388 1145 556 1218 tentionem,
568 1157 763 1221 certamenque
778 1142 915 1202 venerint.
939 1145 987 1203 ab·

388 1228 450 1290 lent
463 1226 607 1289 fiilleelset
621 1228 778 1300 damnatur,
793 1249 854 1287 non
862 1242 919 1286 tam
932 1225 990 1307 ipse

391 1314 441 1376 fibi
456 1312 628 1389 consulnille,
644 1334 729 1394 quarn
745 1311 871 1374 invidille
886 1310 991 1372 vestrae

367 1399 467 1478 alandi
474 1399 622 1461 videretur.
682 1396 991 1478 Neqneenimsalneul·

392 1483 591 1563 lareipublieae
597 1484 881 1566 majorhoctempore
888 1485 992 1565 reperi·

394 1569 523 1650 ripotell,
536 1589 619 1648 quam
629 1568 763 1650 populum
778 1577 935 1631 Romanum
946 1572 993 1630 in·

395 1656 527 1735 telligere,
549 1654 695 1733 diligenter
715 1655 821 1733 rejectis
838 1657 872 1715 ab
887 1654 997 1715 accust-

395 1759 457 1804 tore
467 1741 619 1819 judicibus,
634 1740 734 1814 socios,
749 1739 834 1819 leger,
849 1741 996 1821 rempubli-

396 1824 727 1896 eamsenatorioconfilio
741 1826 996 1907 maximepoffede·

397 1914 485 1982 rendi.
491 1933 581 1992 neque
590 1929 667 1973 tanta
673 1913 795 1973 fortunia
801 1915 928 1973 omnium
935 1933 998 1994 per·

399 2000 486 2059 nieles
501 1997 588 2077 potest
601 1998 739 2074 accedere,
763 2018 845 2078 quam
863 2002 999 2079 opinione

400 2084 496 2165 populi
505 2086 623 2144 Romani
632 2087 767 2145 rationem
776 2088 911 2161 veritatis,
927 2088 999 2146 inte·

401 2172 522 2252 gestatis,
537 2169 611 2247 fidei,
626 2170 779 2248 religionis,
794 2174 828 2231 ab
839 2175 893 2232 hoc
902 2174 999 2232 ordine

403 2256 565 2333 abjudicari.
579 2256 999 2337 itaquemibivideormagnam,

404 2358 433 2402 et
442 2344 561 2401 maxime
575 2363 696 2420 aegram,
710 2360 737 2403 et
754 2365 840 2424 prope
854 2344 999 2425 depofitam

404 2428 569 2507 reipublicae
580 2444 685 2508 partem
701 2427 852 2509 suscepillc:
868 2453 959 2511 neque
971 2432 999 2490 in

404 2535 440 2574 eo
448 2517 535 2592 magis
543 2536 630 2588 meae,
641 2535 725 2594 qnam
733 2516 833 2576 vestrae
841 2516 927 2591 laudi,
934 2513 999 2577 exis·

406 2600 724 2678 rimationiqueserville.
738 2601 827 2659 ancelli
835 2605 909 2661 enim
919 2602 1000 2662 adin·

407 2686 684 2760 vidiamjudiciorum
696 2685 850 2757 levandam,
865 2690 999 2765 vitupera·

408 2773 568 2846 tionemqne
577 2768 742 2827 tollendame
757 2786 800 2842 ur,
815 2790 878 2829 cum
887 2775 953 2831 haec
964 2792 1000 2831 ret

409 2873 462 2935 pro
470 2852 614 2911 voluntate
622 2853 717 2932 populi
730 2858 847 2914 Romani
862 2854 1000 2934 ell'etjudi·

411 2952 482 3011 cata,
494 2936 629 3014 aliquaex
636 2954 714 3017 parte
721 2960 781 2999 mea
787 2940 930 3018 diligentia
938 2963 1000 3002 con·

410 3022 502 3083 llitutn
512 3024 837 3101 auctoritasjudieiorum
853 3028 1000 3087 videretur:

409 3108 558 3191 postremo,
572 3126 605 3169 ut
613 3108 677 3169 effet
687 3113 742 3169 hoc
754 3110 919 3189 judicatum,
930 3129 962 3173 ut
976 3112 1000 3173 li·

409 3199 455 3256 nia
471 3195 624 3274 aliqnando
635 3195 796 3274 judiciariae
808 3199 1000 3260 controvetliai

408 3279 1000 3356 conliitucretureterr'imlmenn‘ixossn&
