2750 4267
524 999 553 1052 s.
568 998 603 1052 n.
622 993 843 1050 tmrmno.
927 999 978 1068 14¹

374 1119 452 1162 arma
463 1117 562 1178 apere
575 1111 739 1177 potuerunt,
759 1111 851 1156 tamen
870 1095 982 1160 senatur

376 1183 510 1269 suscipere
528 1183 631 1256 noluit,
643 1195 679 1243 ne
697 1182 764 1264 quid
780 1185 882 1257 acrius,
897 1204 982 1262 quam

376 1295 454 1336 more
462 1273 603 1352 majorum
611 1286 800 1349 comparatum
809 1269 857 1342 est,
871 1271 983 1352 publico

376 1359 492 1424 consilio
511 1357 613 1420 fartum
631 1358 782 1418 videretur.
813 1361 885 1418 hanc
903 1380 984 1439 vero,

378 1469 447 1531 quae
457 1445 493 1506 nd
503 1467 601 1507 eorum
617 1445 730 1520 liberos,
745 1444 985 1525 atqueinfantium

378 1535 529 1617 puerorum
543 1529 711 1595 incunabula
723 1535 854 1611 pertinet,
866 1531 914 1592 nifi
930 1537 986 1597 hoe

379 1620 510 1701 judiciou
520 1623 600 1683 vobit
609 1620 735 1698 rejicitis,
749 1634 777 1678 et
789 1617 988 1699 aspernamini,

382 1707 486 1780 videte,
497 1707 617 1787 perdens
626 1705 807 1776 immortales,
816 1725 899 1784 quem
907 1708 936 1765 in
946 1706 988 1767 lo·

383 1815 445 1855 cum
454 1793 648 1874 rempublicam
664 1807 859 1873 perventuram
873 1796 986 1872 putetis.

381 1883 510 1952 homines
521 1878 668 1962 sapientes,
683 1896 713 1939 et
721 1878 768 1940 ista
776 1882 949 1956 austeritate,
960 1897 989 1946 et

383 1966 672 2051 potessattpraeditos,
685 1985 740 2046 qua
747 1987 799 2027 vos
808 1966 917 2041 estis,ex
925 1972 989 2050 qui·

382 2057 432 2115 bus
442 2057 524 2115 rebus
533 2057 651 2114 maxime
660 2053 808 2133 respublica
821 2054 938 2127 laborat,
953 2059 991 2120 iit

382 2144 503 2204 maxime
511 2140 612 2200 mederi
619 2142 763 2202 convenit.
778 2140 897 2200 vestrum
906 2163 990 2206 nemo

382 2228 431 2303 est,
443 2231 512 2309 quin
521 2227 667 2307 intelligat,
680 2225 813 2307 populum
824 2234 992 2307 Romanum,

384 2318 432 2396 qni
443 2313 586 2393 quondam
599 2316 628 2375 in
643 2313 733 2382 hostes
742 2314 887 2374 lenissimus
899 2315 990 2376 existi.

384 2404 521 2474 mtbatur,
532 2404 717 2483 hoc-tempore
724 2399 869 2462 domestica
875 2402 993 2465 erudeli·

384 2504 441 2550 tate
450 2488 583 2550 laborare.
596 2493 665 2548 hanc
675 2489 994 2569 tolliteexcivitate,Ju·

387 2575 474 2650 dicet,
485 2577 558 2634 hanc
566 2577 622 2654 pati
635 2577 722 2636 nolite
730 2575 833 2635 diutius
845 2578 874 2635 in
882 2581 933 2637 hac
949 2600 993 2638 re·

387 2661 496 2744 publica
503 2660 621 2723 versari:
634 2683 705 2741 quae
713 2682 772 2721 non
782 2662 867 2721 modo
875 2663 903 2722 id
912 2666 994 2726 habet

387 2746 539 2820 infernali,
551 2747 628 2827 quod
638 2765 680 2808 tot
687 2751 762 2808 cives
771 2747 930 2807 atrociffime
939 2749 996 2810 sus·

388 2834 466 2911 tulit,
476 2856 573 2895 verum
585 2838 667 2894 etiam
683 2835 843 2895 hominibus
854 2833 994 2898 seniffimit

388 2920 491 2984 tdemit
505 2919 720 2982 misericordiam
735 2918 934 2982 consuetudine
949 2925 995 2984 in·

389 3007 614 3069 commodorum.
628 3030 693 3068 nam
705 3029 767 3070 cum
777 3009 907 3068 omnibus
916 3012 995 3072 horit

389 3094 494 3176 uliquid
503 3096 633 3154 atrociter
640 3093 698 3154 fieri
710 3096 849 3169 videmus,
861 3095 996 3158 autiudi-

389 3202 467 3244 mutt
479 3183 562 3241 etiam
573 3183 622 3260 qui
634 3196 732 3241 natura
749 3183 877 3242 mitissimi
893 3182 996 3262 sumus,

390 3267 539 3330 affiduttate
557 3265 749 3329 moiesiiurum
763 3268 880 3326 senium
892 3288 1018 3323 <mm

389 3355 580 3434 humanitatis
593 3350 945 3422 mmmmm»
1037 3365 1042 3372 ·
