2750 4267
527 984 554 1040 8.
574 984 609 1040 R.
628 979 851 1039 AMERINO.
950 978 984 1039 81

376 1090 786 1249 minim
801 1081 983 1242 {misi

379 1256 457 1318 lator
474 1254 586 1316 nostros
604 1275 698 1315 morer
716 1257 746 1313 in
772 1252 870 1313 alienia
890 1251 982 1333 perso·

380 1345 435 1418 nia,
451 1340 657 1421 exprellarnqoe
664 1342 811 1418 imaginem
822 1338 982 1400 nostraevi·

380 1444 425 1488 tae
441 1427 622 1507 quotidinae
636 1427 804 1486 videremur.
827 1445 878 1503 age
894 1445 982 1500 nunc,

381 1512 455 1572 refer
462 1514 596 1585 animum,
611 1511 654 1586 fia,
662 1512 860 1587 adveritatern,
871 1526 900 1570 et
911 1531 982 1571 con·

383 1596 482 1671 fidera,
495 1617 556 1656 non
571 1598 655 1657 modo
669 1601 701 1657 in
716 1599 842 1670 Umbria,
856 1612 939 1676 atque
950 1599 983 1656 in

382 1683 578 1757 eavicinitate,
591 1681 637 1744 sed
649 1686 678 1742 in
689 1684 880 1742 hiaveteribua
889 1683 986 1741 moni·

381 1772 478 1852 cipiia,
508 1775 578 1848 qo'ae
601 1767 687 1830 studia
705 1790 721 1827 a
740 1766 983 1848 panibuafarniliae

381 1858 502 1918 maxime
514 1855 672 1916 laudentur.
694 1855 753 1933 jam
766 1852 891 1934 profesto
902 1855 984 1914 rein·

382 1944 491 2022 telligea
504 1944 601 2022 inopia
616 1942 763 2001 criminum
776 1939 907 2001 summam
923 1940 984 2001 lau·

384 2029 447 2090 den
463 2037 528 2088 Sex.
539 2026 639 2089 Roscio
647 2028 719 2086 vitio
728 2042 757 2086 et
765 2027 862 2107 culpae
871 2026 982 2089 dedisse.

344 2134 370 2181 ¹7
384 2122 423 2176 At
431 2136 492 2175 non
504 2114 589 2174 modo
603 2117 656 2174 hoc
669 2129 778 2193 patrum
791 2113 937 2174 voluntate
950 2112 985 2173 li·

383 2204 441 2263 beri
450 2201 572 2261 faciunt:
588 2200 633 2261 sed
643 2200 794 2281 permultos
807 2215 835 2258 et
843 2220 896 2276 ego
904 2200 986 2272 novi,

389 2306 420 2349 et
431 2286 498 2358 (nifi
512 2307 556 2346 me
573 2285 643 2347 follit
659 2288 792 2362 animus)
801 2282 986 2364 unusquisque

384 2372 517 2448 vestrim,
531 2376 579 2453 qui
596 2391 624 2434 et
637 2370 687 2453 ipli
699 2369 801 2432 incenfi
814 2369 987 2445 suntstadio,

385 2458 463 2541 quod
471 2459 504 2519 ad
513 2480 608 2537 agrum
615 2458 764 2521 colendum
773 2459 986 2518 atrinetrvitam·

386 2566 442 2627 que
457 2547 529 2605 hanc
542 2545 680 2621 rusticam,
695 2566 779 2625 quam
789 2547 948 2625 tliprobrn,
957 2559 986 2602 et

385 2634 497 2692 crimini
509 2631 651 2713 putaaelle
663 2646 803 2711 oportere,
818 2626 987 2690 ethonestis·

386 2718 490 2794 limam,
505 2732 534 2778 et
549 2716 727 2778 suavillirnarn
741 2715 793 2776 effe
806 2717 986 2779 arbitrantur.

386 2805 454 2885 quid
466 2802 572 2879 censes,
587 2808 662 2864 hunc
673 2802 762 2885 ipliam
774 2810 838 2860 Sex.
848 2797 988 2876 Roscium,

387 2911 445 2970 quo
461 2890 563 2966 studio,
577 2906 605 2950 et
620 2911 676 2969 qua
689 2887 875 2964 intelligentia
889 2883 941 2945 elle
957 2888 988 2946 in

386 2976 495 3037 milicia
505 2978 600 3037 rebus?
611 2992 642 3035 ut
649 2996 685 3035 ex
692 2978 736 3035 hia
744 2973 911 3056 propinquis
917 2972 990 3049 eiua,

387 3066 548 3124 hominibus
561 3060 761 3138 honestillimis,
776 3059 870 3132 audio,
886 3079 946 3118 non
959 3074 991 3120 tu

389 3151 418 3209 in
428 3149 484 3210 isto
495 3148 612 3209 artificio
628 3146 797 3208 accusatorio
811 3143 937 3205 callidior
950 3165 992 3223 ea,

391 3256 477 3315 quarn
493 3239 537 3296 hic
560 3236 591 3293 in
607 3232 666 3293 suo.
695 3253 803 3307 verum,
828 3247 860 3290 ut
874 3233 993 3311 opinor,

393 3326 534 3404 quoniam,
543 3324 584 3384 ita
601 3318 786 3398 Chryspgono
801 3318 922 3396 videtur,
947 3320 997 3404 qui
