2750 4267
519 1019 883 1091 1>1t01³.Q111Nt1o.
964 1039 1001 1101 29

393 1125 482 1188 tionis
496 1120 561 1182 duci
577 1122 764 1183 conveniret:
783 1141 818 1182 eo
832 1138 999 1204 temporem

393 1234 453 1273 non
461 1206 590 1271 modoad
599 1214 635 1267 C.
643 1207 844 1286 Aquiliumssut
853 1215 887 1269 1..
897 1210 1001 1272 Lucul-

391 1299 463 1372 lum,
477 1294 523 1356 sed
539 1315 575 1354 ne
586 1292 645 1374 ipse
659 1294 769 1372 quidem
780 1294 815 1355 td
828 1310 855 1354 te
870 1296 999 1360 retulistit

391 1406 430 1444 ne
441 1388 511 1442 haec
521 1379 633 1458 quidem
641 1395 732 1440 tecum
739 1381 848 1440 locutus
859 1400 905 1442 est
915 1385 1003 1446 horae

393 1471 466 1530 duae
473 1467 600 1526 fuerunt:
613 1468 746 1541 Quintius
760 1466 795 1526 td
810 1467 1002 1532 vadimonium

398 1572 462 1616 non
471 1553 566 1624 venit3
579 1551 644 1631 quid
656 1553 724 1630 ago?
737 1551 757 1611 fi
771 1556 925 1615 mehercule
932 1558 1002 1618 htec

398 1657 492 1701 tecum
502 1639 648 1700 duoverba
661 1636 778 1712 fecisses,
797 1639 865 1717 quid
877 1642 944 1718 ago?
957 1661 1001 1700 re·

395 1723 521 1806 spirasset
529 1724 675 1804 cupiditas,
686 1739 770 1802 atque
778 1724 893 1784 avaritia
904 1726 1002 1804 paulu·

396 1813 472 1873 lum:
483 1810 588 1892 aliquid
603 1809 659 1868 loci
674 1812 777 1870 rationi
787 1825 816 1869 et
827 1810 943 1871 confilio
953 1812 1002 1873 de·

397 1898 492 1959 dites:
506 1915 536 1958 tu
547 1894 750 1970 tecotlegiffesz
766 1917 826 1956 non
837 1899 934 1957 ineam
943 1913 1004 1957 tur-

399 1984 551 2063 pitudinem
558 1980 686 2056 veniffes,
702 1998 732 2041 ut
740 1987 794 2043 hoc
801 1985 851 2043 tibi
858 1983 1005 2064 effetapud

400 2068 467 2128 tales
480 2072 560 2129 viros
579 2066 779 2142 confitendum,
797 2089 854 2148 qua
869 2071 919 2130 tibi
934 2073 1005 2130 hort

401 2153 591 2214 vadimonium
608 2174 667 2214 non
683 2153 715 2212 fit
730 2157 849 2228 obitum,
869 2155 964 2216 eadem
975 2171 1005 2216 te

399 2242 470 2299 hora
485 2238 627 2299 confilium
637 2239 735 2319 cepiss'e
750 2242 873 2299 hominio
887 2243 1007 2319 propin·

359 2334 386 2381 ¹7
399 2327 450 2405 qui
464 2323 591 2385 fortunas
604 2324 729 2384 fimditus
740 2341 874 2385 evertere.
940 2332 1006 2404 Ego

401 2430 456 2491 pro
467 2425 576 2470 tenunc
584 2414 639 2471 hoc
646 2407 762 2469 consulo
770 2410 830 2491 post
841 2427 961 2491 tempus,
975 2425 1006 2471 et

400 2495 579 2571 inalienare,
594 2496 672 2574 quod
680 2498 748 2555 tuin
757 2514 804 2556 tua
813 2518 851 2573 re,
863 2518 926 2557 cum
934 2514 1006 2557 tem·

400 2602 453 2661 pus
472 2598 543 2657 erat,
557 2580 700 2643 consulere
715 2583 817 2642 oblitus
833 2604 876 2643 es.
899 2603 1008 2663 quaero.

401 2671 450 2728 abt
460 2685 497 2743 te,
514 2674 549 2728 C.
559 2667 665 2745 Aquili,
681 2673 716 2727 L.
728 2669 852 2742 Luculle,
864 2676 895 2728 Ρ.
913 2670 1010 2744 quit».

402 2754 457 2829 tili,
466 2760 508 2814 M.
519 2753 661 2825 Marcella
670 2753 863 2816 vadimonium
870 2756 937 2812 mihi
944 2774 1007 2814 non

402 2838 593 2917 obiitquidam
600 2837 834 2913 socius‚etaffinis
842 2858 931 2913 meus,
942 2841 1006 2918 qui·

402 2945 466 2985 cum
474 2926 542 2984 mihi
554 2926 717 2985 neceffitudo
729 2941 825 2983 vetus:
842 2939 1006 2985 controver-

402 3008 441 3069 fit
454 3010 491 3070 de
509 3030 539 3068 re
559 3012 714 3089 pecuniaria
737 3030 832 3070 recens
847 3011 1004 3074 intercedit.

403 3095 723 3176 postultnenpraetore‚
738 3111 770 3154 ut
781 3097 840 3173 ejus
855 3097 1006 3158 bontmihi

404 3181 637 3262 poffidereliceat?
654 3202 701 3255 an,
716 3203 778 3242 cum
791 3189 894 3242 Romae
906 3184 1013 3245 domus.

406 3270 477 3347 ejus,
491 3288 575 3341 uxor,
584 3267 663 3325 liberi
670 3266 732 3342 (int,
740 3266 853 3329 domum
861 3268 1014 3349 potiusde·.

408 3353 550 3423 nuntiem?
567 3352 634 3431 quid
641 3351 702 3500 est,B
704 3354 779 3523 qgod
789 3358 841 3419 hac
849 3354 960 3418 tandem
973 3352 1009 3417 dt
