2750 4267
534 691 852 748 s.R.AMER1N0.
938 708 986 766 113

386 797 478 858 suares
487 808 626 874 ageretur,
644 793 829 851 testimonium
842 813 900 851 non
914 795 986 854 dice·

386 900 434 944 ret.
448 878 631 944 uaruilludin
641 879 722 938 talem
732 882 823 938 virum
833 900 891 938 non
901 881 988 940 audeo

385 970 492 1042 diceret
513 965 664 1040 fidiceret,
681 984 742 1024 uon
753 964 920 1025 crederetur.
944 967 987 1025 vi·

385 1055 445 1116 dete
455 1075 544 1128 nunc,
556 1069 640 1129 quam
654 1049 767 1110 versaet
777 1065 881 1110 mutata
893 1052 923 1109 in
940 1072 988 1131 pc·

383 1136 760 1220 jorempartemfintornnia.
780 1138 989 1212 cumdcbonis,

387 1241 417 1285 et
424 1226 458 1285 de
469 1223 549 1284 caede
556 1240 664 1299 agatur,
677 1223 860 1282 testimonium
868 1223 990 1284 dicturus

389 1307 991 1389 estis‚quietseeroress,etficariusmaest,

389 1399 473 1476 quiet
481 1394 588 1454 illorum
597 1394 718 1475 ipsorum
726 1396 875 1469 bonorum,
888 1395 921 1453 de
930 1397 991 1473 qui·

387 1486 439 1543 bus
447 1484 547 1559 agitur,
556 1497 665 1560 emptor
672 1497 754 1558 atque
763 1478 890 1558 poffeffor
898 1481 951 1540 est:
964 1496 992 1541 et

388 1589 449 1630 eum
465 1568 607 1627 hominem
625 1564 808 1626 occidendum
823 1569 942 1641 curavit,
957 1566 991 1626 de

388 1656 465 1734 cujus
474 1670 566 1714 morte
573 1656 725 1731 quaeritur.
743 1652 808 1730 quid
817 1656 907 1726 tu,vir
916 1655 989 1733 opti·

387 1742 444 1802 me?
457 1739 559 1819 ecquid
566 1741 661 1812 habes,
674 1737 749 1817 quod
758 1738 846 1797 dicas?
856 1742 922 1799 mihi
931 1738 991 1799 aus·

387 1828 477 1888 culta:
489 1825 564 1899 vide,
572 1846 607 1884 ne
615 1827 664 1884 tibi
673 1822 753 1884 defis.
770 1840 816 1884 tua
825 1846 936 1905 quoque
947 1844 991 1884 ret

388 1933 540 1994 permagna
547 1905 648 1988 agitur.
657 1911 744 1970 muita
752 1912 890 1984 scelerate,
906 1910 992 1969 multa

388 1999 538 2072 audaciter,
550 1996 634 2055 multa
649 1999 772 2078 improbe
787 1996 888 2056 fecisti:
907 2016 992 2056 unum

387 2084 544 2158 stultiffime,
560 2081 684 2162 profecto
696 2100 743 2142 tua
754 2081 865 2163 sponte,
883 2104 941 2142 non
958 2082 992 2143 de

390 2173 483 2231 Erucii
495 2168 646 2229 sententia:
660 2168 730 2227 nihil
745 2190 814 2248 opus
828 2170 880 2228 fuit
895 2186 922 2228 te
933 2168 991 2230 istic

387 2255 488 2316 sedere.
499 2256 669 2334 nequeenim
679 2252 833 2314 accusatore
841 2272 930 2331 muto,
942 2277 992 2315 ne·

388 2363 442 2420 que
454 2340 519 2400 teste
527 2338 669 2418 quisquam
680 2343 767 2399 utitur
779 2362 824 2414 eo,
837 2342 884 2418 qui
896 2340 929 2399 de
945 2363 990 2400 ac·

389 2426 522 2488 cusatoria
542 2423 664 2484 subsellio
687 2424 783 2502 surgit.
807 2430 860 2483 huc
875 2426 992 2500 accedit,

390 2513 467 2590 quod
478 2512 561 2589 paulo
574 2510 710 2570 occultior
722 2528 804 2589 atque
816 2511 913 2568 tectior
930 2510 991 2570 ves·

390 2612 433 2656 tra
447 2596 494 2656 ista
511 2596 647 2676 cupiditas
667 2595 741 2655 effer.
766 2617 842 2653 nunc
861 2594 991 2672 quidest,

389 2679 992 2763 quodquisquamexvobisaudiredcfiderer,

389 2789 463 2843 cum,
479 2789 548 2846 quac
561 2766 662 2837 facitis,
684 2765 818 2842 ejusmodi
835 2764 898 2838 fint,
918 2783 949 2826 ut
960 2788 993 2827 eu

390 2853 483 2913 dedita
492 2872 600 2932 operaa
612 2853 695 2912 nobis,
703 2867 800 2912 contra
812 2849 990 2931 vosmetipsos

391 2938 479 2998 facere
493 2936 658 2999 videaminii
677 2956 730 3016 age
739 2936 899 3013 uuucsui‘a
906 2938 1007 2996 *iudea-

382 3015 1038 3121 muaJudiceaquaeiiat'mcouieeutaim·
