2750 4267
488 1034 855 1114 innuuntur-10.
944 1055 979 1112 41

378 1143 432 1216 nit,
450 1138 552 1214 socius,
572 1136 746 1210 necessarius,
762 1142 825 1196 Sex.
842 1139 981 1200 Naeviure

379 1227 499 1309 quietim
511 1224 566 1306 ipse
575 1224 652 1284 ultro
661 1224 783 1295 deberet,
794 1221 868 1301 quast
875 1225 981 1285 eximio

345 1305 347 1310 ⁵
379 1316 500 1393 praemio
523 1309 630 1371 sceleris
651 1307 794 1388 exposito,
815 1310 983 1389 cupidissime

379 1397 574 1472 contenderet,
589 1412 620 1454 ut
630 1416 678 1474 per
689 1393 715 1453 se
723 1394 849 1455 affliunn
857 1412 941 1475 utque
952 1417 983 1456 e·

379 1481 490 1546 versum
506 1484 689 1562 propinquum
705 1479 794 1555 suum,
817 1503 876 1541 non
896 1483 984 1542 ntodn

379 1568 496 1631 honeste
511 1570 596 1649 partie
603 1569 695 1642 bonit,
706 1570 895 1628 verumetiam
902 1589 982 1630 com·

380 1657 461 1716 muni
470 1654 716 1734 luceprivaretmbi
724 1669 804 1712 erent
813 1658 913 1714 caeteri
922 1676 983 1715 ere·

379 1741 502 1802 ditores?
514 1742 632 1819 denique
640 1743 695 1798 hoc
707 1755 831 1818 tempore
842 1741 890 1798 ubi
899 1738 982 1800 sunt?

380 1827 545 1909 quisess,qui
554 1825 738 1885 fraudationis
746 1823 985 1886 musulatuiisedi·

380 1915 435 1973 cat?
448 1917 524 1993 quis,
536 1915 585 1993 qui
597 1910 735 1971 absentem
747 1910 884 1972 defensum
900 1925 986 1991 neget

381 1998 431 2059 esse
439 2000 601 2075 Quintium?
616 1999 863 2058 nemoinvenitur.
877 2014 983 2059 utcon-

382 2100 422 2145 tra
430 2107 541 2162 omnes,
553 2082 713 2164 quibuscum
725 2085 866 2143 ratiohuic
874 2101 923 2144 aut
934 2084 984 2161 est,

380 2187 428 2230 eut
438 2172 502 2246 snit,
515 2169 624 2246 adsunt,
636 2170 806 2229 defendunt:
819 2169 884 2228 fides
899 2170 984 2247 hujus

379 2259 474 2317 multis
498 2258 569 2316 locis
589 2259 713 2333 cognita,
735 2276 771 2313 ne
789 2254 902 2333 perfidia
917 2263 983 2314 Sex.

380 2344 482 2401 Naevii
491 2340 649 2419 derogetur,
656 2342 793 2400 laborant.
806 2342 834 2399 in
842 2339 984 2418 hujusmo-

379 2426 409 2487 di
418 2426 591 2508 sponsionem
599 2426 678 2487 restes
686 2427 749 2486 dare
757 2428 987 2506 oportebatexeo

379 2513 984 2592 numero,quihaecdicerentzvadinonium

378 2597 637 2659 mihideseruittme
645 2598 795 2658 fraudavit:
814 2603 983 2660 amenomi·

378 2688 421 2745 nis
435 2686 510 2762 ejus,
524 2687 600 2764 quod
613 2684 751 2748 inficiatus
762 2684 836 2758 esset,
854 2685 926 2745 diem
935 2706 983 2765 pe·

379 2772 457 2831 tivit:
470 2792 525 2849 ego
541 2772 659 2851 experiri
672 2793 734 2831 non
742 2773 837 2850 potui:
850 2770 984 2845 latitavit,

378 2873 587 2935 procuratorem
603 2857 709 2915 nullum
729 2857 850 2933 reliquit.
881 2860 984 2916 horum

379 2941 449 3001 nihil
464 2942 574 3003 dicitur.
599 2959 732 3022 parantur
747 2941 836 3013 testes,
852 2944 901 3019 qui
916 2943 987 3030 haee

378 3027 482 3087 dicant.
505 3049 613 3102 verum,
624 3031 737 3107 opinor,
746 3027 906 3101 viderimus,
918 3049 981 3090 cum

378 3114 511 3174 dixerint.
535 3135 620 3173 unum
628 3130 719 3173 tamen
735 3118 788 3172 hoc
797 3116 933 3191 cogitent,
944 3116 983 3174 itu

378 3199 402 3260 se
409 3221 509 3279 graves
520 3198 583 3275 esse,
595 3215 637 3275 ut,
648 3199 817 3259 fiveritatem
833 3201 930 3259 volent
938 3222 983 3262 re-

381 3289 478 3363 tinete,
489 3288 652 3364 gravitatem
664 3286 763 3364 possint
775 3288 900 3347 obtinere
912 3309 920 3345 t
940 3285 982 3348 fin

382 3391 441 3435 etun
455 3372 609 3454 negligent,
625 3374 665 3434 ita
675 3370 749 3434 leves
759 3370 823 3450 fint,
835 3387 867 3432 ut
881 3390 987 3446 uttuteu¹

984 3473 1019 3504 Δ
