2750 4267
347 955 349 960 ’
444 966 981 1045 ¹mttoscrocomouuo.171

377 1071 505 1149 riaeffet,
520 1087 551 1132 tu
566 1072 598 1131 in
609 1088 671 1129 eam
684 1068 765 1129 litem
774 1069 907 1146 coguitor
914 1064 982 1129 Ros·

378 1159 455 1221 ciifit
470 1160 573 1220 sedtum
590 1177 653 1219 eum
664 1153 821 1237 praesertim
832 1174 869 1213 ex
884 1169 931 1215 tua
946 1175 980 1214 o·

378 1249 498 1321 ratione,
513 1245 700 1326 quodcunque
718 1244 769 1302 tibi
785 1257 902 1322 peteres,
917 1243 982 1301 huie

377 1350 484 1416 peteret
494 1330 899 1413 :quodcunquetibiexigeree,
913 1328 941 1388 id
950 1330 982 1390 iu

378 1419 539 1482 societatem
554 1415 700 1477 recideret.
722 1414 830 1495 quodii
845 1415 879 1475 ad
888 1412 982 1475 Rosci·

379 1526 428 1568 um
445 1505 515 1565 nihil
529 1504 700 1584 perveniret,
714 1501 792 1581 quod
807 1516 837 1561 tu
853 1523 870 1561 a
885 1502 984 1562 Flavio

380 1590 542 1667 abstulisses,
557 1587 606 1649 nist
621 1604 650 1649 te
664 1586 778 1649 insuam
784 1586 862 1649 litem
872 1587 986 1649 dediffet

380 1679 571 1757 oognitorem5
581 1675 615 1735 ad
622 1691 650 1735 te
662 1676 808 1756 pervenire
815 1674 983 1749 nihildebet,

379 1764 457 1845 quod
466 1762 580 1825 Roscius
587 1782 639 1844 pro
647 1761 694 1822 sua
701 1778 778 1843 parte
789 1763 895 1839 exegite
912 1781 983 1840 quo·

379 1846 891 1928 nitmtuuscoguitornonestfadius.
915 1846 984 1927 quid

380 1938 525 1997 enimhuic
532 1938 571 1997 rei
578 1934 746 2016 respondere
754 1937 869 2016 poteria,
876 1934 982 1995 Fanni?

379 2022 488 2085 oumde
498 2022 544 2084 sua
554 2037 632 2103 parte
648 2018 763 2082 Roscius
778 2019 909 2099 transegit
920 2042 983 2082 cum

380 2109 493 2186 Flavio,
508 2112 647 2170 amionem
663 2110 798 2168 tibimam
809 2107 932 2187 reliquit,
946 2129 984 2168 au

380 2196 464 2257 non?
487 2193 507 2257 fi
526 2216 587 2257 non
606 2195 730 2275 reliquit,
752 2194 984 2275 quemadmodum

380 2287 443 2345 H=s
457 2297 598 2344 cccmoo
612 2284 647 2342 ab
662 2301 697 2341 eo
713 2280 804 2361 postea
817 2280 946 2358 exegisti?
962 2278 983 2340 fi

380 2368 429 2428 redi
450 2371 502 2445 uit,
517 2368 585 2449 quid
592 2370 626 2428 ab
641 2371 697 2428 hoc
709 2370 791 2448 petia,
807 2367 883 2447 quod
892 2389 941 2447 per
955 2382 984 2426 te

379 2389 506 2536 perdequi
522 2471 551 2515 et
567 2471 660 2535 petere
677 2454 782 2515 debeo?
806 2454 940 2517 fimillima
954 2474 984 2514 e-

380 2542 451 2617 uim,
462 2558 491 2603 et
508 2544 629 2602 maxime
643 2544 752 2619 gemina
771 2540 884 2604 societas
903 2545 982 2600 here·

379 2626 532 2690 ditatiaest.
555 2626 786 2710 quemadmodum
798 2627 886 2688 socius
903 2625 984 2687 inso-

379 2715 479 2774 eietate
489 2717 571 2775 habet
585 2730 708 2796 partem:
725 2712 760 2773 fic
771 2718 848 2773 heres
864 2715 892 2770 in
906 2716 983 2781 here·

381 2799 468 2860 ditate
482 2804 564 2861 habet
580 2816 694 2882 partem.
719 2814 750 2857 ut
770 2802 847 2858 heres
862 2796 909 2856 fibi
920 2797 984 2872 soli,

381 2906 444 2945 non
460 2888 638 2947 coheredibus
654 2887 742 2965 petit:
764 2882 802 2943 stc
825 2882 913 2943 socius
936 2882 983 2942 fibi

379 2969 449 3046 soli,
474 2993 534 3032 non
552 2971 633 3033 sociis
654 2974 732 3051 petit.
763 2986 792 3029 et
807 2968 983 3051 quemadmo-

379 3058 447 3119 dum
463 3074 580 3138 uterque
593 3080 645 3137 pro
658 3056 878 3137 suapartepetit‚
889 3053 923 3115 fic
932 3077 983 3135 pro

387 3144 434 3206 sua
448 3160 525 3225 parte
540 3144 675 3204 diffolvit:
693 3147 770 3201 heres
784 3163 820 3201 ex
834 3140 879 3201 sua
893 3139 983 3224 parte,

380 3250 437 3310 qua
454 3233 635 3291 hereditatem
657 3230 743 3289 adiit:
772 3227 865 3291 socius
886 3251 927 3290 eu
942 3250 999 3301 ea,

375 3334 431 3395 qua
439 3314 599 3381 societatem
608 3320 693 3381 coiit.
706 3312 1019 3401 quemadmodumiu·

646 3413 731 3500 dia
