2750 4267
492 691 519 747 s.
538 691 572 746 n.
592 688 816 745 Autumno,
920 704 971 762 109

372 806 425 852 tem
439 793 497 849 oris
506 792 557 851 tui.
582 794 658 864 tene,
670 811 733 850 cum
741 791 838 848 caeteri
855 787 920 850 socii
931 792 972 850 tui

371 878 508 956 fugerent,
523 874 777 948 acseoccultarent‚
791 892 822 934 ut
829 880 883 936 hoc
895 878 972 954 judi·

373 966 445 1024 cium
456 962 563 1022 nonde
575 962 686 1021 iliorum
699 961 808 1040 praeda,
820 959 865 1022 sed
880 963 914 1022 de
922 967 972 1022 hu·

369 1049 416 1127 jur
426 1047 562 1108 maleficio
571 1047 629 1109 fieri
646 1047 795 1120 videretur,
808 1049 973 1126 potiffimum

373 1137 423 1193 tibi
432 1131 822 1213 parteristardepoposciise‚ut
831 1134 973 1212 injudicio

374 1217 523 1290 versarere,
536 1235 563 1276 et
571 1217 670 1278 sederes
678 1239 741 1278 cum
749 1218 975 1298 accusatoreiqua

376 1306 407 1364 in
416 1324 445 1362 re
454 1303 523 1362 nihil
531 1303 601 1364 aliud
610 1303 826 1382 affequdrismifi
834 1308 974 1364 utabom·

376 1391 460 1450 nibus
471 1390 632 1450 mortalibus
648 1390 761 1450 audacia
772 1406 818 1448 tua
829 1389 977 1467 cognosca-

377 1492 434 1550 tur,
441 1491 470 1534 et
484 1476 667 1555 impudentia.
691 1471 782 1535 occiso
790 1484 853 1535 seit.
866 1474 977 1551 Roscio,

378 1564 426 1642 qui
442 1564 546 1640 primur
561 1564 701 1621 Ameriam
713 1563 844 1622 nuntiat?
865 1561 977 1622 Mallius

359 1689 362 1696 -
379 1647 651 1725 Glaueiu,quemjam
663 1663 744 1706 antea
752 1649 907 1722 nominavi,
914 1664 977 1707 tuus

379 1733 464 1793 cliens
472 1731 729 1811 etfamiliarir.quid
737 1736 850 1792 attinuit
856 1755 918 1792 eum
927 1755 978 1812 po·

358 1818 502 1878 ·tiffimum
519 1822 658 1893 nuntiare,
670 1818 757 1897 quod,
771 1817 790 1877 fi
805 1817 910 1878 nullum
919 1823 979 1895 jam

378 1921 442 1965 ante
454 1903 596 1966 confilium
605 1903 638 1962 de
646 1921 737 1964 morte
747 1925 779 1963 ac
788 1903 911 1962 debonis
919 1905 979 1981 ejur

378 1992 492 2067 inierat,
514 1989 674 2068 nullamque
694 1988 866 2064 societatem,
890 2008 981 2067 neque

381 2074 498 2150 sceleris,
513 2078 733 2155 nequepraemii‚
748 2075 980 2136 cumhomineul·

380 2162 535 2236 locoieras,
549 2161 583 2220 ad
594 2177 621 2219 te
629 2163 743 2221 minime
758 2165 883 2221 omnium
894 2162 979 2241 perti·

381 2249 477 2310 nebat?
490 2247 537 2307 sua
545 2246 643 2327 sponte
651 2247 762 2307 Mallius
770 2250 890 2308 nuntiat.
901 2245 981 2325 quid,

382 2333 555 2416 quaeso‚ejus
563 2333 706 2392 intererat?
715 2353 763 2408 au,
773 2354 835 2392 cunr
844 2334 984 2391 Ameriam

382 2441 441 2482 non
449 2417 560 2497 hujusce
571 2421 610 2478 rei
618 2417 696 2478 causa
710 2417 834 2491 vendier,
846 2414 905 2475 casu
914 2418 985 2476 at‘ci·

383 2505 435 2582 dit,
449 2505 528 2579 nid,
540 2504 617 2583 quod
626 2510 729 2563 Romae
736 2503 869 2574 audierat,
880 2502 986 2579 primur

379 2594 539 2653 nuntiaret?
557 2591 635 2668 cujus
645 2593 682 2649 rei
692 2590 774 2649 causti
782 2601 893 2646 venerat
901 2593 985 2646 Ame-

384 2680 466 2738 riam?
480 2675 663 2756 nonpoffum,
674 2678 777 2755 inquit,
793 2673 928 2733 divinare.
952 2693 987 2734 eo

385 2786 442 2826 rem
454 2765 514 2842 jam
527 2762 714 2836 adducamur
727 2760 796 2821 nihil
812 2760 985 2819 divinatione

385 2871 456 2931 opus
475 2849 517 2909 fit.
547 2869 602 2927 qua
618 2850 725 2907 ratione
738 2845 836 2906 Roscio
853 2846 986 2925 Capitoni

383 2938 506 3015 primum
524 2935 688 2997 nuntiauiti
708 2956 778 2999 eum
791 2934 1009 2993 meinam-

376 3022 473 3088 Roscii
490 3025 620 3111 domus,
638 3047 737 3110 uxor,
751 3021 909 3101 itherium
921 3009 1044 3072 eumve

1039 3183 1057 3247 1
