2750 4267
492 1003 861 1079 PROP.QU1NT10.
950 1019 989 1082 49

330 1131 376 1174 πε
388 1113 524 1174 Naevium
541 1130 578 1170 ne
590 1105 733 1190 appellasse
744 1103 855 1188 quidem
874 1107 990 1184 Quinti.

385 1222 440 1277 um,
452 1219 517 1259 cum
524 1196 603 1258 fimul
611 1193 687 1269 effet,
695 1194 813 1274 experiri
822 1191 988 1275 poffetquo·

386 1285 466 1346 tidie:
483 1284 594 1355 deinde,
609 1279 687 1362 quod
699 1279 903 1357 omniajudicia
914 1281 986 1341 diffi-

385 1371 557 1433 cillimacum
565 1365 719 1427 summasua
727 1367 843 1441 invidia,
855 1368 988 1427 maximo·

386 1449 986 1536 quepericu1oP.Quintiifierimallet‚quam

387 1541 457 1600 issud
476 1539 660 1620 pecuniarium
669 1539 817 1617 judicium,
832 1540 908 1618 quod
927 1559 986 1600 uno

386 1627 432 1687 die
445 1623 557 1704 tranfigi
568 1622 666 1706 poffet:
676 1645 714 1683 ex
720 1645 778 1703 quo
785 1628 918 1685 unohaec
925 1647 986 1686 om·

386 1715 520 1788 nianata,
535 1709 688 1791 etprofefia
703 1707 754 1772 effe
765 1710 906 1771 concedit.
929 1731 988 1792 quo

386 1800 486 1860 inloco
502 1797 694 1859 conditionem
704 1795 767 1874 tufi,
781 1795 893 1857 fivellet
903 1819 987 1880 pecu·

385 1889 456 1947 niam
464 1901 568 1966 petere,
581 1890 613 1943 Ρ.
623 1882 928 1961 Quintiumjudicatum
936 1885 989 1946 sol-

386 1974 413 2031 vi
425 1970 627 2044 satisdatum,
642 1970 707 2030 dum
719 1968 784 2050 ipse,
801 1968 821 2028 fi
833 1971 899 2051 quid
910 1989 985 2052 pete·

386 2073 436 2135 ret,
456 2061 515 2141 pari
531 2056 697 2119 conditione
714 2071 844 2117 uteretur.
869 2056 986 2136 ostendi,

385 2164 467 2223 quam
475 2144 564 2203 multa
574 2157 638 2201 ante
649 2141 708 2202 fieri
720 2145 892 2219 convenerit,
904 2161 988 2223 quam

383 2231 504 2291 hominis
512 2230 665 2311 propinqui
672 2231 747 2289 bona
758 2229 883 2309 poffideri
895 2228 988 2309 postu·

384 2315 519 2378 latentur:
537 2313 694 2397 praesertim
703 2335 766 2375 cum
775 2321 879 2376 Romae
887 2315 988 2377 domus

384 2404 457 2481 ejus,
472 2422 557 2477 uxor,
576 2401 656 2461 liberi
671 2401 767 2478 essent,
783 2417 810 2462 et
821 2419 988 2484 procurator

384 2508 467 2569 aeque
474 2486 617 2568 utriusque
628 2483 800 2549 necessarius.
819 2491 911 2567 docu'i,
922 2512 986 2551 cum

383 2572 517 2635 desertum
525 2571 579 2634 esse
586 2572 659 2633 dicat
667 2573 986 2652 vadimonium‚omnino

383 2662 574 2721 vadimonium
583 2658 690 2719 millum
698 2660 853 2741 fuiffetquo
862 2663 904 2722 die
912 2667 987 2722 hunc

383 2744 427 2806 fibi
436 2744 585 2828 promififfe
593 2744 711 2821 dicat‚eo
719 2746 916 2806 dieneRomae
924 2752 987 2827 qui·

382 2832 445 2893 dem
453 2853 515 2893 eum
525 2830 614 2910 fuiffe,
628 2833 656 2893 id
673 2832 782 2892 testibus
794 2852 837 2891 me
846 2832 987 2911 pollicitus

382 2916 440 2978 finn
448 2917 562 3000 planum
571 2918 715 2993 saelumm,
732 2921 818 2998 quiet
831 2916 895 2977 scire
907 2918 987 2980 debe·

382 3022 455 3080 rent,
472 3021 500 3065 et
517 3002 634 3078 causam,
655 3025 702 3064 cur
717 3006 910 3079 mentirentur,
926 3027 985 3068 non

381 3092 523 3153 haberent.
547 3111 585 3150 ex
596 3091 686 3149 edisso
698 3107 789 3151 autem
798 3112 859 3150 non
869 3093 985 3173 potuisse

381 3177 453 3239 bona
465 3176 607 3258 poffi'der'i,
623 3176 825 3237 demonstravi:
843 3180 918 3257 quod
934 3203 984 3241 ne·

381 3281 431 3339 que
438 3262 589 3326 fraudandi
600 3260 823 3340 causalat'ntaffet,
835 3287 923 3346 neque
934 3288 982 3327 ex·

380 3347 417 3410 ilii
430 3348 512 3415 causa
525 3348 616 3410 solum
631 3346 740 3407 vertisse
751 3350 896 3414 diceretur.
920 3353 981 3413 reli·
